4036 6252
314 289 455 345 15ιὸ

1515 287 2084 348 RECOGNITIONUM
2124 290 2267 365 Lm,
2297 289 2360 346 v.

3435 285 3573 341 1546

311 410 643 473 perseveret.
670 403 774 459 Alii
804 404 997 459 dicunt
1031 423 1044 457 :
1072 402 1193 457 Non
1225 403 1493 459 debemus
1523 405 1738 460 molesti
1773 418 1898 459 esse
1927 405 1973 461 A
2001 404 2132 472 quid
2166 404 2272 458 nisi
2305 420 2428 474 quae
2457 386 2715 465 libidinis,
2750 415 2871 471 quae
2899 398 3196 469 injustitize,
3225 415 3347 472 qua:
3386 400 3576 454 crude-

312 495 446 559 Deo,
478 506 533 551 et
561 498 739 567 ipsum
770 512 986 566 semper
1006 504 1101 549 aut
1131 497 1475 553 miseriarum
1509 498 1767 567 querelis,
1800 506 1893 551 aut

312 589 636 659 petitionum
664 599 975 643 nostrarum
1006 589 1423 644 necessitatibus
1444 605 1691 645 onerare.
1718 591 1892 656 Quam

311 683 479 735 stulta
526 689 579 735 et
628 681 834 750 absque
888 681 1037 733 omni
1088 681 1201 735 sale
1236 681 1554 749 responsio!
1604 681 1889 736 Molestum

310 769 423 826 Deo
475 779 654 842 putas,
690 772 737 827 si
786 771 835 826 ei
886 786 985 841 pro
1035 771 1313 827 beneficiis
1361 772 1479 827 suis
1505 774 1710 842 gratias
1740 788 1889 842 agas,

309 864 399 917 cui
428 864 716 919 molestum
750 878 859 918 non
890 871 1080 933 putas,
1117 865 1165 919 si
1211 878 1309 933 pro
1343 864 1517 934 ipsius
1548 866 1887 931 muneribus,

307 954 473 1024 lignis
524 962 578 1009 et
628 956 901 1025 lapidibus
951 955 1157 1025 gratias
1211 954 1452 1009 referas?
1482 955 1546 1009 Et
1592 957 1886 1026 quomodo,

307 1061 434 1099 cum
467 1045 607 1099 forte
637 1046 811 1101 imber
842 1046 1002 1117 longa
1033 1045 1325 1100 serenitate
1365 1047 1739 1116 suspenditur,
1772 1062 1892 1099 oni-

304 1155 406 1196 nes
436 1140 502 1193 ad
548 1142 746 1195 ccelum
778 1141 966 1195 oculos
998 1142 1292 1204 tendimus,
1323 1147 1377 1195 et
1409 1141 1478 1194 ab
1516 1142 1888 1209 omnipotente

302 1231 419 1287 Deo
452 1234 758 1303 pluviarum
805 1250 1032 1289 munera
1075 1234 1407 1305 ﬂagitamus,
1438 1248 1735 1303 omneSque
1759 1248 1885 1286 cum

300 1324 572 1394 parvulis,
624 1324 691 1378 ad
736 1323 905 1378 Deum
958 1324 1097 1380 fusis
1153 1324 1445 1395 precibus,
1505 1325 1887 1380 miserationes

298 1416 480 1484 ipsius
508 1417 844 1471 exoramus?
885 1414 991 1472 Sed
1035 1432 1223 1509 revera
1265 1417 1490 1487 ingratze
1524 1417 1718 1471 animae
1760 1433 1884 1471 cum

296 1506 740 1578 impetraverint,
787 1508 897 1563 cito
950 1506 1391 1576 obliviscuntur;
1436 1510 1683 1565 collectis
1740 1510 1883 1565 enim

294 1598 577 1653 messibus
606 1606 699 1652 aut
727 1599 1040 1663 vindemiis,
1063 1600 1326 1654 continuo
1355 1601 1422 1654 ad
1454 1599 1621 1654 surda
1650 1608 1704 1653 et
1734 1607 1883 1654 muta

293 1686 598 1740 simulacra
650 1686 920 1757 primitias
972 1688 1189 1758 frugum
1247 1690 1536 1752 deferunt,
1570 1698 1625 1744 et
1657 1706 1755 1760 pro
1796 1691 1882 1746 liis

1993 494 2160 549 litatis
2184 507 2312 550 sunt
2338 502 2653 564 cpercntur,
2689 500 2741 547 et
2783 491 2848 545 ad
2886 492 3063 545 omnia
3096 508 3193 547 vos
3226 491 3425 562 quibus
3470 490 3574 560 ipsi

1993 587 2356 650 delectantur,
2391 588 2647 657 subigant
2695 584 2957 640 obedire?
2999 587 3347 653 permittente
3379 596 3571 637 revera

1990 679 2096 734 hoc
2127 680 2236 734 Deo
2267 682 2377 751 pati
2411 696 2508 735 vos
2537 680 2605 735 ab
2628 680 2707 734 eis
2728 680 2880 748 justo
2910 679 3145 748 quodam
3165 679 3395 747 judicio,
3423 684 3481 730 ut
3503 692 3570 731 ex

1990 773 2110 842 ipso
2140 774 2406 828 dedecore
2430 781 2647 826 actuum
2675 787 3045 839 sensuumque
3077 778 3380 823 vestrorum
3409 770 3571 824 intel~

1992 863 2189 933 ligatis,
2235 878 2398 932 quam
2428 862 2714 931 indignum
2754 860 2825 914 sit
2866 860 3202 914 diemonibus
3234 867 3286 913 et
3318 876 3426 914 non
3456 858 3569 912 Deo

1989 971 2113 1010 esse
2140 954 2437 1024 subjectos.
2471 953 2609 1007 Hinc
2640 960 2694 1006 et
2725 952 2791 1006 ad
2822 952 3113 1007 indecoros
3137 962 3189 1004 et
3218 952 3389 1005 foedos
3414 958 3570 1005 actus

1988 1064 2085 1117 per
2114 1047 2383 1101 amicitias
2414 1046 2720 1099 daemonum
2750 1044 3098 1113 pervenitur;
3141 1043 3267 1096 hinc
3296 1058 3469 1111 usque
3502 1043 3569 1095 ad

1988 1141 2159 1209 ipsius
2188 1141 2313 1194 vita:
2341 1138 2633 1209 perniciem
2666 1138 2748 1190 vel
2782 1151 2875 1205 per
2908 1134 3177 1188 flammam
3207 1134 3444 1189 libidinis
3476 1149 3569 1187 ac-

1988 1231 2223 1297 ceditur,
2253 1232 2338 1285 vel
2383 1246 2478 1299 per
2518 1225 2815 1282 iracundia:
2866 1227 3072 1280 rabiem
3107 1234 3199 1278 aut
3229 1228 3567 1279 nimietatem

1986 1324 2221 1377 tristitia:
2245 1324 2576 1393 pervenitur,
2596 1329 2655 1375 ut
2677 1335 2818 1389 saepe
2842 1326 3029 1372 notum
3052 1326 3157 1381 est,
3186 1318 3349 1370 etiam
3372 1332 3570 1371 manus

1988 1413 2091 1469 sibi
2123 1414 2371 1468 intulisse
2410 1412 2735 1477 nonnullos;
2787 1410 2954 1480 quod,
3004 1417 3063 1462 ut
3106 1409 3365 1474 diximus,
3419 1408 3567 1477 justa

1986 1506 2220 1578 quadam
2252 1506 2345 1562 Dei
2376 1507 2647 1561 sententia
2688 1505 2805 1559 fieri
2834 1504 2903 1557 ab
2936 1502 3019 1556 his
3052 1518 3162 1555 non
3215 1502 3559 1572 prohibetur,

1986 1606 2046 1653 ut
2068 1608 2121 1652 et
2147 1598 2347 1669 quibus
2373 1613 2430 1653 se
2459 1596 2823 1661 subdiderint,
2856 1593 3181 1664 intelligant,
3206 1601 3260 1647 et
3290 1609 3449 1663 quem
3474 1593 3564 1647 de,

1986 1691 2257 1746 seruerint
2287 1695 2705 1759 recognoscant.

289 1792 422 1846 quae
459 1776 604 1832 Deus
634 1751 930 1844 concessit,
965 1780 1018 1833 in
1053 1751 1273 1850 templis
1312 1788 1405 1834 aut
1434 1751 1572 1837 lucis
1602 1751 1728 1837 vdta
1760 1799 1883 1853 per-
1913 1751 1955 1805 B
2054 1779 2294 1837 XXXIV.
2482 1780 2625 1835 dicet
2651 1779 2878 1849 aliquis:
2910 1777 3207 1832 Passiones
3240 1775 3358 1829 ista:
3404 1774 3561 1828 inter-

287 1869 549 1933 solvunt,
582 1883 636 1924 et
687 1870 760 1923 ibi
793 1870 1062 1925 sacriﬁcia
1096 1870 1379 1928 diemouiis
1419 1874 1687 1938 ofl‘erunt,
1719 1884 1882 1944 atque

281 1969 519 2031 accepta
551 1962 728 2032 gratia
756 1969 1069 2031 permutant
1096 1964 1284 2033 gratiae
1315 1964 1650 2034 largitorem.

356 2052 554 2109 XXXI.
595 2052 700 2108 Sed
724 2055 947 2124 quidam
972 2054 1159 2108 dicunt
1192 2074 1205 2109 :
1241 2054 1366 2111 ΠιΒο
1395 2058 1593 2112 laetitiae
1621 2060 1795 2128 gratia
1824 2067 1878 2113 et

280 2147 352 2200 ad
384 2147 711 2201 relevandos
742 2148 955 2201 animos
1005 2148 1253 2202 instituta
1274 2188 1289 2213 ,
1317 2158 1371 2203 et
1401 2150 1467 2203 ad
1499 2150 1602 2204 hoc
1632 2151 1871 2217 inventa,

283 2247 347 2292 ut
377 2239 622 2293 humana
654 2256 809 2295 mens
840 2241 1240 2311 aliquantulum
1274 2241 1424 2295 curis
1455 2250 1511 2295 et
1545 2246 1873 2299 mteroribus

280 2335 589 2387 relaxetur.
633 2328 819 2389 Videte
863 2332 1139 2404 quomodo
1193 2332 1296 2404 ipsi
1348 2343 1698 2391 accusatores
1739 2337 1872 2391 estis

280 2438 483 2479 eorum
516 2440 636 2494 qua:
667 2425 875 2495 geritis.
915 2424 972 2479 Si
1003 2425 1120 2479 haec
1162 2424 1379 2479 levandi
1412 2428 1665 2481 mceroris
1693 2434 1745 2479 et
1778 2429 1870 2481 la:-

280 2519 419 2573 tiliae
451 2519 729 2589 capienda
754 2534 919 2574 causa
943 2525 1158 2589 reperta
1184 2528 1333 2582 sunt,
1356 2520 1631 2590 quomodo
1653 2520 1707 2573 in
1733 2521 1872 2576 lucis

278 2621 336 2666 et
370 2612 530 2666 silvis
564 2612 941 2667 invocationes
963 2612 1270 2666 daemonum
1296 2612 1465 2668 fiunt?
1491 2613 1763 2683 quomodo
1787 2614 1871 2667 in-

280 2706 404 2760 sani
449 2712 662 2759 rotatus
694 2705 1002 2771 hominum,
1048 2706 1434 2774 sectionesque
1474 2706 1865 2773 membrorum,

277 2806 336 2851 et
369 2796 718 2852 abscisinnes
759 2798 1162 2852 verendorum?
1188 2799 1464 2868 quomodo
1506 2800 1563 2852 in
1602 2799 1687 2854 his
1719 2799 1870 2853 furor

278 2886 514 2943 rabidus
563 2888 907 2957 concipitur?
965 2888 1241 2958 quomodo
1298 2889 1561 2943 invitatur
1623 2889 1871 2943 insania?

282 2978 565 3051 quomodo
607 2980 867 3034 mulieres
899 2982 1104 3050 sparsis
1142 2980 1390 3035 crinibus
1443 2980 1748 3034 furibunda:
1781 2980 1871 3049 ja-

282 3072 550 3129 ctantur?
580 3072 722 3126 unde
768 3073 973 3127 stridor
1001 3084 1056 3128 et
1100 3072 1349 3129 fremitus
1400 3073 1684 3127 dentium?
1727 3072 1868 3127 unde
1896 3096 1944 3159 α

283 3165 536 3235 mugitus
568 3162 752 3218 cordis
782 3170 837 3217 et
866 3165 1163 3229 viscerum,
1196 3173 1249 3219 et
1289 3166 1474 3219 omnia
1511 3165 1603 3218 illa
1635 3181 1758 3234 quae
1789 3165 1873 3220 vel

283 3257 567 3319 simulata,
602 3256 686 3310 vel
723 3256 887 3310 etiam
926 3256 1229 3311 ministerio
1253 3258 1564 3311 daemonum
1596 3258 1872 3328 compagi-

282 3358 438 3411 nata,
481 3346 549 3400 ad
579 3355 842 3401 terrorem
877 3348 1169 3402 stultorum
1211 3356 1265 3401 et
1296 3348 1662 3417 ignorantium
1696 3338 1872 3404 homi-

283 3454 419 3494 num
446 3438 959 3507 proferuatur'Ilnec
982 3438 1195 3492 levandi
1217 3440 1382 3493 animi
1413 3441 1587 3510 gratia
1614 3441 1772 3505 fiunt,
1800 3458 1871 3496 an

280 3533 474 3602 potius
502 3532 874 3601 opprimendi?
896 3530 1146 3586 Nondum
1178 3532 1391 3586 sentitis
1415 3548 1590 3602 neque
1616 3532 1871 3603 intelligi-

281 3626 358 3679 tis
397 3622 620 3677 latentis
653 3624 795 3676 intra
841 3638 939 3678 vos
994 3625 1264 3693 serpentis
1299 3622 1414 3676 htec
1457 3638 1578 3677 esse
1609 3623 1872 3677 consilia?

282 3719 379 3789 qui
398 3732 498 3773 vos
515 3732 610 3786 per
632 3716 1039 3773 irrationabiles
1058 3732 1303 3772 errorum
1325 3716 1702 3786 suggestiones
1720 3732 1749 3769 a
1783 3732 1868 3769 ra-

283 3813 440 3865 tione
472 3809 717 3863 veritatis
747 3808 989 3872 abducit,
1029 3818 1089 3862 ut
1120 3825 1218 3864 vos
1240 3808 1486 3862 libidinis
1507 3816 1560 3861 et
1577 3810 1869 3879 concupis-

281 3903 485 3958 eentiae
505 3916 567 3954 ac
583 3902 752 3955 totius
768 3901 1053 3955 dedecoris
1071 3916 1260 3956 servos
1278 3909 1461 3956 teneat
1476 3916 1540 3955 ac
1558 3902 1862 3956 ministros.

356 3992 577 4048 XXX“.
619 3991 724 4046 Sed
766 4008 868 4062 ego
912 3992 1062 4046 clara
1111 4007 1209 4047 vos
1243 4007 1434 4047 omnes
1466 3991 1869 4061 praedicationis

281 4103 418 4142 voce
441 4094 743 4149 contestor,
776 4086 921 4154 quod
949 4101 979 4139 e
1008 4085 1286 4138 contrario
1330 4085 1519 4155 religio
1552 4084 1647 4139 Dei
1676 4083 1741 4137 ad
1772 4098 1866 4139 so-

282 4180 572 4235 brietatem
607 4192 701 4232 vos
734 4185 955 4232 revocat
983 4185 1037 4232 et
1069 4176 1422 4246 pudicitiam,
1457 4192 1487 4229 a
1537 4177 1753 4231 luxuria
1802 4190 1866 4230 ac

281 4274 475 4329 furore
501 4271 659 4341 jubet
690 4286 815 4326 esse
844 4272 1211 4336 continentes,
1243 4282 1294 4326 et
1324 4286 1420 4337 per
1454 4270 1770 4341 patientiam
1802 4285 1865 4324 ac

280 4365 762 4425 mansuetudinem
791 4379 1040 4419 resecare
1064 4368 1249 4433 lapsus
1280 4364 1594 4426 iracundiae,
1629 4364 1865 4433 pr0priis

1983 1875 2112 1930 dum
2138 1873 2396 1928 accidunt
2417 1872 2581 1927 etiam
2614 1872 2700 1925 his
2733 1870 2825 1939 qui
2860 1868 3028 1922 Deum
3061 1869 3270 1921 colunt.
3318 1864 3435 1919 Non
3482 1873 3567 1919 est

1984 1980 2207 2031 verum;
2240 1964 2441 2019 etenim
2472 1979 2572 2017 nos
2612 1962 2765 2015 illum
2808 1959 2902 2014 Dei
2949 1960 3188 2012 dicimus
3220 1973 3342 2012 esse
3390 1959 3566 2011 culto-

1980 2074 2116 2125 rem,
2153 2058 2246 2128 qui
2283 2056 2618 2110 voluntatem
2648 2051 2743 2107 Dei
2768 2052 2897 2106 facit
2926 2062 2979 2106 et
3014 2051 3146 2121 legis
3180 2060 3445 2120 praecepta
3468 2066 3567 2103 cu-

1980 2150 2170 2205 stodit.
2202 2147 2360 2219 Apud
2395 2145 2565 2201 Deum
2596 2146 2742 2199 enim
2765 2161 2874 2198 non
2907 2144 2998 2198 ille
3024 2145 3118 2214 qui
3144 2143 3289 2213 apud
3314 2143 3567 2198 homines

1976 2241 2198 2297 Judmus
2228 2240 2445 2304 dicitur,
2479 2237 2699 2293 Judaaus
2731 2245 2836 2303 est,
2880 2251 3056 2305 neque
3102 2236 3193 2306 qui
3223 2235 3441 2306 gentilis
3473 2250 3566 2288 vo-

1976 2342 2152 2401 catur,
2187 2334 2276 2387 ille
2302 2331 2518 2404 gentilis
2539 2340 2620 2384 est
2638 2329 2703 2396 ³⁸,
2739 2329 2833 2384 sed
2862 2330 2951 2398 qui
2986 2326 3096 2382 Deo
3126 2328 3359 2382 credens
3394 2328 3564 2397 legem

1976 2425 2282 2497 impleverit
2316 2439 2379 2477 ac
2409 2423 2748 2477 voluntatem
2789 2420 2909 2489 ejus
2955 2420 3167 2486 fecerit,
3200 2419 3419 2473 etiamsi
3452 2434 3564 2472 non

1975 2521 2047 2574 sit
2075 2513 2644 2573 circumcisusJ’erus
2676 2513 2771 2566 Dei
2800 2513 2985 2566 cultor
3010 2522 3094 2566 cst
3119 2512 3187 2576 is,
3221 2512 3313 2580 qui
3342 2527 3450 2565 non
3481 2527 3569 2566 so.

1974 2613 2088 2666 lum
2121 2610 2236 2680 ipse
2262 2625 2289 2663 a
2319 2607 2668 2679 passionibus
2698 2607 2836 2660 liber
2866 2614 2970 2671 est,
3011 2620 3199 2659 verum
3230 2612 3283 2659 et
3309 2606 3448 2658 alios
3494 2605 3561 2660 al:

1971 2702 2052 2757 eis
2094 2701 2296 2754 liberos
2327 2699 2524 2764 reddit,
2556 2698 2771 2752 etiamsi
2800 2698 2910 2752 sint
2949 2697 3024 2751 ita
3056 2711 3251 2765 graves
3280 2704 3336 2749 ut
3367 2696 3569 2749 monti-4

1970 2792 2073 2846 bus
2122 2801 2506 2862 coaequcntur;
2555 2805 2651 2859 per
2684 2788 2841 2842 fidem
2867 2804 2972 2857 qua
3006 2786 3178 2841 credit
3214 2788 3342 2854 Deo,
3375 2796 3565 2842 trans-

1973 2886 2077 2939 fert
2101 2900 2214 2951 eas,
2248 2883 2343 2939 sed
2368 2894 2420 2938 et
2452 2891 2665 2937 montes
2694 2898 2819 2936 vere
2860 2896 2984 2934 cum
3018 2880 3308 2936 arboribus
3344 2882 3479 2946 suis,
3513 2881 3561 2935 si

1971 2993 2197 3033 necesse
2228 2977 2319 3044 sit,
2356 2992 2452 3046 per
2479 2976 2635 3029 fidem
2674 2972 3011 3028 transfert”.
3045 2973 3149 3039 Qui
3191 2981 3372 3027 autem
3406 2974 3562 3026 vide-

1973 3078 2063 3122 tur
2090 3069 2308 3139 quidem
2338 3070 2515 3121 colere
2544 3067 2733 3133 Deum,
2762 3067 2858 3122 sed
2885 3082 3058 3135 neque
3084 3065 3185 3119 lide
3202 3068 3358 3134 plena
3381 3081 3563 3135 neque

1975 3159 2233 3229 operibus
2285 3160 2667 3213 mandatorum
2722 3158 2986 3221 munitur,
3023 3155 3116 3210 sed
3158 3165 3241 3210 est
3280 3164 3557 3225 peccator,

1977 3268 2074 3323 pro
2108 3252 2344 3322 peccatis
2374 3252 2552 3305 locum
2583 3251 2730 3305 dedit
2763 3252 2818 3303 in
2848 3250 3148 3318 semetipso
3182 3249 3557 3318 passionibus,

1974 3361 2094 3415 quae
2122 3346 2188 3398 ad
2227 3358 2441 3413 pinnam
2474 3343 2815 3413 peccantium
2853 3342 3169 3395 constitutae
3200 3348 3329 3394 sunt
3362 3356 3391 3393 a
3421 3340 3555 3406 Deo,

1975 3449 2033 3494 ut
2075 3440 2145 3494 ab
2170 3439 2249 3493 eis
2284 3454 2381 3508 per
2409 3438 2560 3492 illata
2596 3436 2864 3507 supplicia
2895 3436 3117 3505 exigant
3149 3434 3331 3488 debita
3364 3449 3557 3502 pecea-

1972 3538 2174 3595 torum,
2215 3537 2269 3582 et
2322 3528 2663 3599 purgatiores
2713 3543 2809 3583 eos
2858 3527 2924 3580 ad
2953 3526 3223 3596 judicium
3260 3526 3389 3579 illud
3437 3540 3558 3578 om-

1973 3625 2123 3678 nium
2178 3622 2430 3694 generale
2482 3621 2808 3690 perducant,
2846 3620 2892 3674 si
2925 3629 3105 3673 tamen
3138 3618 3555 3688 castigationem

1971 3731 2161 3770 eorum
2193 3731 2301 3769 non
2330 3714 2549 3768 deserat
2580 3713 2733 3767 fides.
2766 3712 2901 3765 Nam
2929 3712 3229 3765 infidelium
3264 3711 3554 3780 castigatio

1971 3811 2025 3865 in
2058 3810 2311 3880 praesenti
2339 3809 2446 3862 vita
2468 3807 2737 3877 judicium
2769 3814 2874 3872 est,
2924 3822 3033 3876 quo
3083 3806 3246 3860 alieni
3317 3804 3556 3860 existere

1974 3906 2243 3975 incipiunt
2275 3920 2305 3957 a
2330 3902 2528 3957 futuris
2555 3902 2741 3966 bonis;
2769 3900 2936 3953 Deum
2970 3914 3098 3954 vero
3134 3899 3429 3954 colentium
3459 3914 3552 3952 ca-

1972 3997 2193 4068 stigatio
2221 4010 2347 4050 cum
2391 4010 2489 4064 pro
2515 3996 2753 4063 peccatis
2778 4011 2899 4064 qua:
2925 3993 3226 4047 acciderint
3257 3993 3338 4047 eis
3381 3990 3552 4044 infer-

1969 4096 2077 4156 tur,
2109 4088 2386 4142 commissi
2418 4086 2486 4139 ab
2513 4087 2593 4141 eis
2620 4086 2788 4154 exigit
2811 4086 3075 4150 debitum,
3117 4092 3175 4137 ut
3216 4083 3555 4151 przevenien-

1968 4189 2051 4236 tes
2072 4179 2337 4249 judicium
2364 4177 2417 4229 in
2441 4176 2695 4246 prazsenti
2720 4177 2919 4229 Steculo
2940 4174 3149 4244 peccati
3171 4174 3414 4227 debitum
3439 4173 3550 4225 sol-

1968 4281 2118 4337 vant,
2144 4279 2195 4324 et
2232 4269 2530 4322 liberentur
2565 4267 2649 4321 vel
2672 4284 2736 4321 ex
2773 4275 2928 4336 parte
2971 4265 3149 4320 media
3192 4266 3262 4319 ab
3304 4264 3549 4330 aeternis,

1969 4379 2091 4435 qua}
2114 4362 2225 4416 illic
2249 4369 2564 4431 praeparata:
2589 4368 2739 4424 sunt,
2764 4358 2962 4428 pomis.

279 4475 405 4515 esse
441 4466 756 4523 contentos,
792 4465 846 4511 et
877 4456 1077 4511 virtute
1107 4456 1480 4526 parcimonize,
1515 4471 1583 4510 ne
1625 4463 1865 4525 egestate
1900 4454 1941 4508 D
2040 4451 2255 4508 XXXV.
2301 4451 2404 4530 Sed
2427 4452 2538 4505 haec
2565 4451 2637 4503 ita
2662 4466 2783 4524 esse
2806 4465 2915 4501 non
2938 4448 3152 4516 recipit,
3178 4447 3269 4517 qui
3295 4461 3403 4500 non
3424 4461 3548 4500 cre-

280 4552 503 4622 quidem
535 4552 851 4621 compulsos
882 4550 1057 4604 aliena
1106 4550 1361 4621 diripere.
1398 4548 1491 4604 sed
1522 4549 1577 4603 in
1611 4549 1865 4604 omnibus

279 4658 502 4698 servare
529 4643 821 4712 justitiam,
846 4642 915 4695 ab
944 4642 1211 4695 idolorum
1243 4656 1340 4695 vos
1370 4640 1743 4695 immolatione
1773 4657 1867 4710 pe—

278 4732 431 4785 nitus
459 4747 775 4799 removere;
825 4750 924 4802 per
972 4747 1089 4786 nzec
1134 4732 1280 4785 enim
1316 4732 1561 4786 invitatis
1589 4732 1864 4786 daemones

281 4824 351 4877 ad
396 4828 779 4894 vosmetipsos,
810 4836 864 4881 et
915 4825 1225 4880 introeundi
1276 4826 1356 4879 eis
1406 4826 1615 4880 aditum
1671 4834 1865 4895 sponte

282 4916 562 4985 praebetis,
597 4924 652 4969 et
682 4932 743 4971 ex
779 4918 879 4971 hoc
905 4916 1020 4987 jam
1047 4918 1131 4972 vel
1162 4916 1366 4972 furoris
1408 4932 1605 4973 causas
1647 4918 1727 4972 vel
1767 4919 1865 4977 illi-

279 5009 375 5062 ctti
406 5008 609 5061 amoris
637 5011 903 5080 accipitis.

354 5097 593 5154 XXXIII.
639 5099 774 5156 llinc
821 5104 997 5159 omnis
1040 5103 1336 5175 impietatis
1369 5104 1523 5175 origo
1557 5106 1857 5171 descendit,

284 5194 411 5245 lnnc
443 5191 755 5253 homicidia,
782 5196 1070 5260 adulteria,
1100 5196 1265 5259 furta,
1294 5203 1347 5251 et
1374 5198 1725 5253 seminarium
1750 5214 1861 5251 ma-

283 5284 460 5335 lorum
491 5283 733 5335 omnium
765 5284 1199 5357 flagitiorumque
1226 5286 1551 5356 concipitur,
1586 5289 1714 5342 dum
1741 5305 1861 5358 pro-

288 5378 428 5427 tams
474 5375 828 5434 libaminibus
865 5394 918 5432 et
947 5385 1208 5436 odoribus
1243 5383 1557 5452 indulgetis,
1585 5398 1648 5437 ac
1680 5384 1858 5437 locum

284 5466 602 5520 dominandi
624 5470 680 5523 in
709 5487 808 5525 vos
832 5482 884 5525 ct
904 5473 997 5540 jus
1017 5476 1417 5542 quodammodo
1442 5477 1719 5530 obtinendi
1744 5492 1858 5529 mae

287 5558 447 5627 lignis
467 5559 753 5628 spiritibus
783 5575 945 5617 uatis.
979 5562 1213 5634 lngressi
1233 5568 1380 5621 enim
1401 5583 1595 5624 sensus
1625 5578 1854 5631 vestros,

1968 4546 2048 4601 dit
2072 4548 2313 4600 futurum
2336 4529 2456 4598 esse
2476 4542 2744 4613 judicium
2772 4529 2885 4603 Dei,
2921 4548 2975 4593 et
3012 4540 3083 4593 ob
3122 4540 3224 4593 hoc
3260 4544 3547 4607 praesentts

1968 4638 2152 4695 szeculi
2173 4635 2545 4704 voluptatibus
2567 4634 2859 4703 obligatus,
2888 4632 2958 4685 ab
2994 4632 3215 4685 aitet-nis
3233 4630 3547 4684 excluditur

1966 4731 2148 4789 bonis.
2174 4728 2238 4784 Et
2268 4730 2389 4784 ideo
2411 4743 2512 4782 nos
2538 4742 2645 4780 non
2670 4725 2996 4798 negligimus
3029 4722 3327 4792 praedicare
3360 4720 3543 4786 vobis,

1968 4836 2088 4893 qua:
2114 4822 2275 4876 saluti
2296 4826 2491 4874 vestrae
2513 4818 2718 4872 scimus
2742 4832 2866 4870 esse
2889 4815 3219 4879 necessaria,
3243 4821 3298 4868 et
3336 4812 3431 4883 qui
3468 4814 3541 4867 sit

1966 4930 2129 4969 verus
2170 4911 2266 4967 Dei
2305 4912 2486 4965 cultus
2523 4911 2828 4976 ostendere,
2871 4919 2928 4962 ut
2965 4907 3249 4962 credentes
3286 4906 3396 4962 Deo
3442 4921 3545 4975 per

1964 5021 2128 5074 opera
2151 5005 2293 5060 bona
2322 5004 2545 5074 possitis
2574 5019 2679 5056 una
2705 5003 2986 5056 nobiscum
3015 5000 3181 5054 futuri
3208 4999 3391 5054 saeculi
3436 4998 3524 5052 ine

1962 5099 2121 5173 redes
2140 5098 2389 5153 existere.
2405 5095 2559 5162 Quod
2584 5097 2628 5150 si
2652 5096 2891 5150 nondum
2916 5094 3057 5165 apud
3081 5110 3177 5148 vos
3199 5100 3408 5149 certum
3430 5102 3536 5159 est,

1960 5206 2087 5244 vera
2110 5206 2232 5245 esse
2256 5204 2377 5260 quae
2397 5189 2651 5253 dicimus,
2678 5189 2893 5242 interim
2931 5204 3029 5257 pro
3073 5187 3175 5241 hoc
3211 5187 3388 5256 primo
3426 5201 3535 5241 non

1961 5284 2170 5339 debetis
2196 5298 2336 5354 :egre
2357 5282 2603 5351 accipere
2623 5289 2675 5336 et
2701 5281 2881 5336 infesti
2906 5297 3047 5346 esse,
3070 5281 3196 5350 quia
3232 5296 3351 5350 qua:
3376 5289 3533 5351 puta-

1962 5393 2086 5431 mus
2117 5378 2279 5442 bona,
2323 5375 2437 5429 haec
2475 5375 2629 5430 vobis
2665 5374 3071 5440 annuntiamus,
3098 5383 3152 5427 et
3188 5374 3333 5443 quod
3376 5373 3534 5428 nobis

1962 5471 2203 5524 salutare
2247 5484 2370 5523 esse
2418 5467 2712 5532 credimus,
2750 5467 2853 5521 hoc
2896 5472 3060 5520 etiam
3085 5465 3239 5521 vobis
3278 5464 3532 5521 conferre

1961 5580 2069 5619 non
2091 5562 2416 5630 invidemus,
2442 5564 2609 5629 omni,
2636 5567 2695 5615 ut
2718 5560 2851 5624 dixi,
2877 5560 3057 5614 studio
3078 5559 3530 5632 laborantes,quo

361 5761 403 5792 "
440 5758 596 5819 Rom.
636 5779 695 5831 ll,
730 5766 833 5832 “J8;
868 5763 1038 5837 Apoc.
1062 5779 1122 5832 ll,
1155 5764 1208 5820 9.
1286 5764 1328 5796 ³⁷
1369 5765 1563 5823 Matth.
1593 5783 1726 5834 nrt,
1758 5767 1861 5835 l0;
1896 5765 2029 5821 Luc.
2064 5780 2195 5830 xvn,
2235 5763 2290 5820 6.
