4036 6252
545 298 679 354 1547

1409 303 1465 357 S.
1506 302 1903 359 CLEMENTIS
1939 302 1957 356 1
2000 302 2164 359 ΒΟΜ.
2202 303 2403 360 PONT.
2446 302 2673 359 OPERA
2714 302 2939 360 DUBIA.

3623 313 3729 369 1318

537 433 855 491 coheredes
896 451 994 491 νος
1037 437 1332 507 bonorum,
1358 454 1480 510 qua,
1520 440 1625 510 ipsi
1667 440 1823 495 nobis
1861 448 2122 494 eventum
2154 434 2197 484 Α
2226 422 2395 486 tione,
2427 429 2590 492 atque
2620 422 2691 476 ita
2724 422 2914 476 turbas
2941 420 3171 485 dimisit,
3200 420 3490 478 admonens
3512 433 3564 478 ut
3582 426 3636 479 ad
3655 446 3734 483 au-

538 526 840 593 credimus,
866 527 1186 585 habeamus.
1215 529 1409 585 Utrum
1452 540 1633 587 autem
1673 547 1772 601 pro
1807 539 1957 585 certe
1996 541 2123 586 vera

539 615 649 671 sint
674 632 796 687 quae
818 619 1211 676 annuntiamus
1238 623 1411 689 vobis,
1440 639 1547 676 non
1572 622 1733 677 aliter
1757 623 1898 677 scire
1919 623 2125 692 poteri-

537 709 632 774 tis,
658 710 846 763 nisiut
887 711 1207 767 obedientes
1231 714 1317 767 his
1341 729 1463 784 quae
1488 715 1841 778 mandantur,
1874 718 1994 785 ipso
2037 729 2124 768 re-

517 814 659 853 .rum
691 800 839 854 exitu
864 810 919 855 et
948 803 1301 859 beatitudinis
1328 806 1638 859 certissimo
1663 804 1767 858 ﬁne
1789 805 2117 859 doceamini.

610 889 849 947 XXXVI.
892 892 958 945 Et
990 894 1111 947 ideo
1148 896 1365 949 etiamsi
1416 897 1588 950 latens
1642 896 1977 950 intrinsecus
2006 912 2122 949 ser-

535 998 672 1053 pens
704 997 901 1038 sensus
928 994 1141 1040 vestros
1185 987 1334 1041 mille
1362 987 1690 1056 depravandi
1722 987 1933 1041 artibus
1958 1002 2123 1040 occu-

536 1080 649 1142 pet,
678 1085 731 1128 et
762 1076 1148 1145 impedimenta
1180 1080 1327 1134 mille
1356 1079 1643 1149 subjiciat,
1678 1079 1876 1149 quibus
1907 1094 1937 1131 a
1974 1080 2151 1133 saluv

536 1164 642 1216 tari
692 1165 940 1220 doctrina
990 1177 1230 1221 vestrum
1280 1169 1515 1223 declinet
1544 1170 1812 1231 auditum,
1842 1186 1908 1223 eo
1948 1170 2122 1239 magis

536 1256 807 1311 obsistere
855 1259 903 1312 ei
952 1259 1181 1321 debetis,
1211 1267 1264 1315 et
1302 1261 1502 1329 spretis
1529 1262 1649 1329 ejus
1678 1262 2119 1331 suggestionibus

536 1348 606 1401 ad
648 1349 976 1403 audiendum
1027 1366 1057 1403 a
1106 1352 1267 1406 nobis
1320 1352 1545 1406 verbum
1601 1352 2113 1422 suscipiendamquc

536 1436 840 1492 doctrinam
869 1440 1209 1512 frequentius
1239 1445 1551 1508 convenire,
1578 1446 1703 1514 quia
1739 1460 1897 1499 nemo
1935 1454 2114 1515 potest

535 1530 749 1586 discere
778 1533 981 1603 aliquid
999 1536 1091 1605 qui
1123 1551 1235 1590 non
1266 1536 1512 1591 docetur.
1537 1536 1784 1607 Cumque
1813 1536 1927 1590 haec
1952 1537 2119 1591 dixis-

536 1630 639 1685 set,
667 1623 835 1691 jussit
866 1625 971 1681 sibi
996 1642 1091 1681 eos
1119 1629 1209 1697 qui
1246 1629 1601 1699 languoribus
1650 1630 1733 1684 vel
1775 1629 2117 1683 daemonibus

2226 513 2485 569 diendum
2523 514 2750 570 verbum
2778 512 2972 569 diebus
3020 511 3223 583 quibus
3253 511 3386 565 inibi
3415 514 3736 574 demoraturus

2225 615 2389 667 esset,
2427 606 2856 676 frequentarent.
2890 605 3059 675 Igitur
3100 605 3190 658 ubi
3241 605 3409 659 turbae
3454 607 3734 674 abscessere,

2224 694 2419 750 Petrus
2449 694 2604 765 aquis
2631 710 2752 764 quae
2793 696 2848 749 in
2880 695 3041 747 horto
3074 694 3313 749 ﬂuebant
3344 710 3530 765 corpus
3566 697 3736 753 diluens

2226 803 2333 840 una
2367 784 2493 839 eum
2519 787 2733 839 cretei-is
2760 786 3092 847 volentibus,
3126 785 3276 838 humi
3303 786 3463 839 sterni
3486 786 3629 855 jussit
3660 790 3738 843 sub

2225 878 2421 931 arbore
2459 876 2694 946 quadam
2725 878 2885 946 cujus
2922 877 3114 931 umbra
3165 883 3284 930 erat
3330 876 3565 944 plurima,
3603 888 3647 931 et
3672 894 3737 933 rc-

2219 968 2477 1022 eumbere
2526 984 2629 1022 nos
2682 969 2981 1023 secundum
3031 969 3277 1022 ordinem
3330 967 3465 1036 apud
3488 968 3739 1023 Casaream

2220 1067 2484 1114 statutum
2510 1061 2785 1130 praecepit.
2822 1062 2997 1130 Atque
3027 1061 3100 1113 ita
3131 1060 3256 1113 cibo
3283 1067 3510 1128 sumpto,
3532 1058 3738 1113 Hebraeo-

2220 1167 2341 1204 rum
2372 1152 2481 1205 ritu
2512 1152 2715 1221 gratias
2756 1168 2925 1221 agens
2956 1151 3089 1214 Deo,
3112 1151 3240 1220 quia
3272 1150 3447 1204 adhuc
3477 1150 3739 1219 aliquantu-

2222 1245 2332 1298 lum
2368 1244 2475 1299 diei
2513 1253 2821 1314 supererat,
2849 1244 3005 1313 jubet
3056 1258 3159 1297 nos
3210 1242 3276 1296 de
3322 1242 3514 1311 quibus
3557 1243 3738 1296 velimus

2222 1340 2555 1408 percontari.
2592 1338 2841 1407 Cumque
2869 1352 3119 1392 essemus
3153 1351 3344 1390 omnes
3375 1350 3491 1388 cum
3520 1350 3578 1387 eo
3608 1336 3743 1403 vigin-

2221 1431 2285 1491 ti,
2318 1432 2613 1502 unicuique
2638 1432 2706 1486 de
2727 1447 2837 1497 quo
2858 1444 3105 1499 quaerere
3123 1428 3297 1481 voluit
3316 1426 3626 1496 explanavit,
3643 1443 3741 1496 qut.-

2222 1538 2344 1578 rum
2373 1524 2584 1593 singula
2614 1537 2844 1593 qumque
2878 1521 3078 1575 libellis
3118 1519 3511 1589 comprehensa
3539 1518 3623 1572 tibi
3648 1527 3744 1570 ante

2218 1620 2332 1689 jam
2363 1618 2510 1673 misi.
2545 1616 2783 1687 Vespere
2823 1626 3003 1670 autem
3029 1614 3142 1683 jam
3175 1614 3319 1666 facto
3348 1612 3567 1682 ingressi
3597 1610 3743 1680 hospi-

536 1714 875 1783 urgebantur
902 1717 1108 1784 oﬂerri,
1141 1730 1196 1773 et
1226 1721 1487 1791 imposuit
1515 1723 1595 1776 eis
1626 1736 1821 1776 manus
1845 1715 1967 1776 c'um
1998 1736 2121 1776 ora-
2152 1709 2195 1762 Β
2225 1717 2361 1769 tium
2392 1728 2517 1768 cum
2546 1714 2687 1782 ipso,
2721 1713 2836 1766 suis
2874 1711 3078 1781 quique
3107 1708 3244 1763 locis
3267 1706 3636 1777 requievimus.

1684 1997 2045 2084 LIBER
2120 1992 2623 2082 SEXTUS.

607 2290 649 2345 1.
693 2289 796 2345 Ubi
844 2306 974 2346 vero
1018 2291 1425 2348 rarescentibus
1456 2292 1699 2348 tenebris
1730 2282 1973 2363 primum.
2006 2292 2124 2347 dies

536 2380 706 2450 coepit
739 2381 983 2451 proferre
1014 2383 1421 2451 crepusculum,
1456 2382 1653 2438 Petrus
1692 2384 1957 2438 orationis
2000 2400 2124 2454 gra-

466 2465 472 2471 ’
537 2472 613 2525 tia
640 2471 859 2526 hortum
892 2474 1195 2542 ingressus,
1227 2482 1282 2528 et
1306 2474 1433 2529 inde
1456 2475 1742 2545 egrediens
1760 2483 1921 2545 atque
1940 2477 2120 2545 ingre-

536 2564 692 2618 diens
726 2565 871 2619 velut
901 2581 1161 2621 excusare
1195 2566 1354 2622 nobis
1386 2566 1691 2633 videbatur,
1723 2569 1867 2637 quod
1909 2569 2117 2623 tardius

536 2656 699 2711 solito
728 2659 990 2728 evigilans
1032 2660 1272 2715 venisset
1314 2660 1381 2714 ad
1412 2677 1533 2715 nos.
1581 2660 1773 2715 Aiebat
1803 2677 1931 2731 ergo
1964 2680 1976 2715 :
2016 2660 2116 2715 Ubi

536 2750 683 2803 veris
714 2758 929 2819 tempus
961 2751 1258 2822 longiorem
1286 2752 1473 2807 fecerit
1503 2754 1668 2817 diem,
1697 2770 1923 2809 necesse
1953 2763 2032 2809 est
2059 2764 2119 2809 ut

536 2857 641 2895 nos
680 2843 896 2897 brevior
924 2844 1053 2911 ﬁat;
1086 2845 1132 2900 si
1165 2849 1287 2915 quis
1322 2862 1453 2914 ergo
1481 2846 1789 2901 studiorum
1821 2863 1985 2902 causa
2027 2864 2122 2902 no-

535 2935 639 2988 ctis
669 2936 872 3005 aliquid
905 2953 1175 3007 occupare
1204 2939 1500 3001 desiderat,
1548 2955 1656 2992 non
1701 2939 1753 2993 in
1785 2941 1933 2993 omni
1980 2949 2118 2996 tem-

536 3037 667 3090 pore
694 3027 910 3080 easdem
944 3027 1108 3083 horas
1136 3029 1428 3084 observare
1459 3028 1617 3084 debet
1650 3030 1717 3083 ad
1748 3031 2104 3101 vigilandum,

2226 2301 2280 2349 et
2312 2294 2432 2348 ideo
2462 2293 2830 2349 festinandum
2862 2302 2945 2348 est
2976 2292 3042 2346 ad
3081 2293 3337 2355 salutem,
3388 2307 3456 2345 ne
3495 2288 3620 2344 forte
3647 2305 3754 2344 cun-

2225 2394 2461 2440 ctantem
2498 2402 2647 2439 mors
2671 2386 2951 2454 repentina
2980 2386 3291 2455 praeveniat.

2293 2474 2382 2530 Ill.
2407 2474 2471 2529 Et
2492 2477 2562 2529 ob
2586 2476 2686 2528 hoc
2714 2476 2894 2529 acrius
2922 2474 3315 2530 intendendum
3335 2481 3441 2538 est,
3488 2482 3543 2527 ut
3564 2474 3673 2527 dum
3689 2477 3754 2525 est

2219 2568 2483 2640 temporis
2511 2566 2767 2637 spatium,
2795 2568 3021 2621 collecta
3055 2567 3205 2619 mal-.e
3225 2566 3624 2621 consuetudinis
3648 2564 3748 2616 vitia

2218 2669 2558 2716 resecentur.
2594 2659 2750 2725 Quod
2780 2676 2888 2713 non
2922 2660 3080 2713 aliter
3111 2659 3289 2713 facere
3317 2658 3579 2729 poteritis,
3602 2657 3751 2709 nisiut

2220 2751 2538 2807 irascamini
2565 2751 2967 2820 quodammodo
2997 2750 3285 2804 adversum
3314 2750 3656 2817 vosmetipsos
3678 2759 3751 2813 pro

2222 2846 2306 2900 bis
2364 2860 2483 2914 qua:
2516 2843 2781 2896 inutiliter
2811 2841 3060 2911 gessistis
3089 2855 3153 2894 ac
3182 2841 3438 2910 turpiter.
3470 2838 3589 2893 Haec
3630 2836 3744 2889 enim

2217 2945 2303 2993 est
2332 2937 2481 3005 justa
2511 2943 2563 2988 ct
2597 2934 2903 2989 necessaria
2932 2932 3232 2994 iracundia,
3272 2947 3385 3000 qua
3425 2927 3755 2996 unusquisque

2215 3028 2272 3083 in
2303 3027 2389 3082 bis
2415 3026 2614 3098 quibus
2643 3025 2843 3079 erravit
2869 3031 2922 3077 et
2952 3038 3233 3093 perperam
3268 3024 3463 3092 gessit,
3488 3021 3756 3089 indignatur

536 3117 630 3170 sed
664 3118 850 3173 eadem
886 3121 1147 3190 temporis
1170 3122 1367 3191 spatia,
1394 3123 1508 3178 sive
1536 3121 1749 3176 brevior
1771 3124 2111 3193 sivelongior
2140 3111 2182 3168 Ο
2215 3131 2268 3175 et
2302 3121 2652 3187 semetipsum
2686 3117 2920 3181 incusat,
2955 3129 3018 3168 ex
3050 3130 3157 3184 qua
3190 3114 3562 3183 indignatione
3591 3122 3752 3162 accen-

537 3207 609 3261 sit
629 3209 1084 3273 nox,dormiendo
1108 3228 1452 3278 consumere,
1468 3223 1523 3268 et
1546 3230 1738 3267 curare
1763 3230 2111 3284 magnopere,

536 3317 606 3355 ne
637 3317 973 3370 praesumens
1001 3319 1065 3357 ex
1097 3303 1181 3359 bis
1204 3305 1397 3373 spatiis
1425 3322 1545 3374 qua:
1568 3305 1767 3361 habere
1794 3306 1861 3360 ad
1888 3307 2115 3361 studen—

538 3390 667 3444 dum
701 3393 858 3459 solet,
887 3392 1049 3446 addat
1081 3410 1275 3449 somno
1310 3403 1363 3449 et
1397 3396 1649 3465 vigilandi
1691 3403 1902 3466 tempus
1936 3397 2114 3450 immi-

538 3487 694 3535 nuat.
727 3479 1137 3537 Observandum
1170 3500 1405 3554 namque
1450 3493 1504 3540 et
1555 3487 1689 3540 illud
1733 3500 1840 3549 est,
1876 3503 1944 3542 nc
1976 3486 2115 3541 forte

539 3572 587 3627 si
615 3573 853 3627 nondum
876 3574 1118 3631 decoctis
1147 3577 1285 3632 cibis
1310 3579 1738 3649 interrumpatur
1758 3597 2006 3644 somnus,
2034 3582 2117 3634 in-

540 3660 814 3732 digestum
843 3679 1042 3733 corpus
1074 3676 1328 3736 aggravet
1353 3677 1609 3736 mentem,
1639 3678 1693 3725 et
1707 3670 1906 3725 crudos
1938 3671 2116 3725 adhuc

538 3754 805 3809 exhalans
829 3758 1055 3825 spiritus
1081 3759 1395 3815 interiorem
1425 3777 1647 3816 sensum
1678 3761 1967 3816 confusum
2000 3763 2117 3817 red-

540 3844 635 3897 dat
684 3860 749 3899 ac
793 3847 1093 3903 turbidutn.
1126 3848 1353 3905 Rectum
1399 3868 1529 3923 ergo
1565 3838 1648 3907 est
1688 3864 1746 3906 ut
1790 3855 2116 3923 competenti

542 3935 706 3988 etiam
737 3952 864 4006 pars
894 3939 994 3993 ista
1018 3942 1201 4011 quiete
1224 3942 1489 4010 foveatur,
1516 3960 1625 4015 quo
1654 3946 2119 4015 possitsuﬂicien-

543 4033 625 4079 ter
655 4027 741 4083 bis
776 4046 895 4100 qua:
923 4031 1030 4085 sibi
1062 4033 1331 4089 debentur
1371 4052 1572 4108 corpus
1610 4038 1862 4108 expletis,
1905 4038 2117 4108 justum

536 4117 601 4174 in
636 4120 860 4190 reliquis
893 4124 1061 4177 menti
1095 4125 1353 4182 exhibere
1376 4129 1764 4187 ministerium.

615 4210 680 4265 ll.
721 4210 788 4264 Et
816 4228 942 4266 cum
968 4214 1081 4269 hazc
1117 4215 1373 4283 dixisset,
1427 4220 1677 4289 plurimis
1700 4221 1813 4290 jam
1855 4231 2119 4277 consueto

542 4300 599 4354 in
639 4301 781 4355 horti
826 4303 946 4358 loco
978 4306 1046 4359 ad
1090 4307 1421 4363 audiendum
1462 4312 1827 4381 congregatis,
1855 4313 2122 4382 processit

542 4389 759 4459 Petrus,
793 4402 848 4449 et
879 4397 1129 4453 salutatis
1147 4415 1212 4453 ex
1236 4416 1386 4455 more
1415 4402 1591 4457 turbis
1618 4404 1799 4457 dicere
1825 4404 1928 4459 hoc
1956 4406 2117 4459 modo

543 4487 710 4557 coepit
744 4508 756 4543 :
799 4488 1066 4555 Quoniam
1100 4494 1338 4560 quidem,
1369 4496 1511 4549 sicut
1542 4503 1691 4549 terra.
1724 4512 1754 4549 a
1783 4496 1994 4552 cultore
2023 4514 2118 4554 ne-

544 4582 720 4650 glecta
752 4583 940 4653 spinas
987 4596 1042 4639 et
1088 4588 1322 4643 tribulos
1364 4591 1678 4645 necessario
1725 4592 1997 4661 producit,
2044 4593 2117 4646 ita

548 4691 747 4733 sensus
794 4686 969 4734 vester
1024 4680 1171 4750 longi
1223 4681 1485 4751 temporis
1533 4683 1765 4748 incuria,
1816 4686 2016 4739 multas
2066 4692 2120 4741 et

546 4770 743 4824 noxias
769 4770 1057 4838 opiniones
1081 4788 1263 4827 rerum
1281 4780 1336 4829 et
1358 4774 1745 4846 intelligentias
1778 4774 1926 4830 falsae
1949 4775 2123 4830 scien-

546 4860 637 4913 tiae
662 4862 1020 4931 germinavit;
1050 4878 1189 4933 opus
1237 4872 1322 4919 est
1367 4881 1513 4920 nunc
1543 4866 1708 4920 multa
1740 4866 2018 4938 diligentia
2051 4867 2116 4921 ad

546 4951 904 5007 excolendum
954 4969 1049 5009 rus
1104 4956 1300 5012 mentis
1326 4966 1542 5023 vestrae,
1575 4965 1635 5011 ut
1664 4957 1717 5012 id
1756 4974 1935 5014 sermo
1976 4959 2120 5013 veri-

548 5042 699 5108 tatis,
728 5044 822 5113 qui
846 5052 931 5100 est
955 5061 1120 5102 verus
1145 5054 1198 5101 et
1219 5046 1451 5118 diligens
1479 5049 1659 5104 cordis
1689 5051 1939 5115 colonus,
1981 5052 2121 5107 assi-

546 5132 673 5188 duis
702 5134 913 5189 excolat
940 5134 1267 5206 disciplinis.
1298 5136 1553 5193 Vestrum
1587 5154 1717 5209 ergo
1750 5149 1834 5194 est
1876 5141 2120 5210 praebere

547 5222 597 5277 ei
627 5222 1016 5289 obedientiam,
1039 5234 1093 5281 et
1113 5228 1500 5297 occupationes
1526 5244 1589 5283 ac
1611 5229 2009 5285 sollicitudines
2032 5248 2121 5287 su-

547 5311 784 5383 perﬂuas
832 5324 1134 5385 amputare,
1167 5333 1234 5373 ne
1262 5318 1463 5373 bonum
1510 5320 1658 5374 verbi
1703 5336 1886 5375 semen
1930 5329 2120 5375 enecet

546 5409 773 5463 noxium
811 5426 1051 5481 germen.
1079 5409 1267 5466 Potest
1289 5412 1435 5467 enim
1469 5412 1603 5477 ﬁeri,
1638 5422 1697 5467 ut
1724 5415 1876 5468 multi
1910 5423 2121 5486 tempo-

547 5499 624 5554 ris
647 5502 1031 5572 negligentiam
1058 5505 1239 5559 brevis
1262 5513 1315 5559 et
1338 5506 1557 5562 assidua
1581 5519 1794 5577 reparet
1814 5509 2115 5580 diligentia;

550 5588 822 5647 incertum
876 5611 1114 5667 namque
1140 5605 1225 5652 est
1262 5597 1701 5669 uniuscujusque
1726 5603 1849 5655 vitae
1875 5608 2115 5672 tempus,

2216 3214 2363 3266 ditur
2394 3212 2448 3264 in
2478 3210 2634 3263 nobis
2666 3208 2807 3278 ignis
2836 3206 3080 3276 quidam,
3115 3206 3209 3273 qui
3258 3206 3411 3258 velut
3443 3218 3570 3272 agro
3614 3194 3754 3255 sterili

2218 3306 2519 3366 immissus,
2554 3301 2897 3370 consumptis
2938 3309 2992 3354 et
3038 3302 3278 3354 excoctis
3311 3299 3588 3353 radicibus
3612 3292 3755 3363 pessi-

2218 3414 2318 3453 mae
2356 3397 2670 3465 voluptatis,
2716 3395 2860 3448 bono
2890 3394 3082 3448 semini
3112 3392 3261 3447 verbi
3292 3392 3392 3447 Dei
3425 3389 3758 3445 fecundiurem

2216 3488 2399 3544 cordis
2449 3494 2716 3557 praeparat
2762 3487 2993 3555 glebam.
3044 3483 3184 3538 Puto
3235 3493 3421 3539 autem
3471 3481 3607 3553 quod
3653 3478 3757 3532 satis

2218 3578 2409 3649 dignas
2436 3576 2681 3630 habeatis
2711 3589 2906 3629 causas
2934 3575 3252 3638 iracundiae,
3281 3591 3351 3629 ex
3382 3576 3582 3645 quibus
3603 3567 3758 3639 justis-

2219 3669 2392 3723 simus
2424 3668 2562 3738 ignis
2598 3667 2700 3720 iste
2730 3665 3022 3728 coalescat,
3060 3665 3105 3719 si
3137 3665 3507 3719 consideretis
3537 3663 3586 3715 iu
3616 3672 3759 3729 quan-

2218 3769 2305 3815 tos
2327 3774 2423 3814 vos
2452 3773 2666 3814 errores
2692 3758 2913 3813 deduxit
2945 3757 3263 3827 ignorantia:
3280 3758 3512 3819 malum,
3537 3759 3758 3824 quantos-

2219 3868 2325 3923 que
2349 3852 2533 3922 lapsus
2562 3859 2615 3905 et
2645 3860 2848 3920 quanta
2880 3850 3177 3920 praecipitia
3213 3850 3278 3903 ad
3316 3847 3644 3919 peccandum
3682 3841 3757 3894 de-

2220 3944 2321 4007 dit,
2357 3958 2385 3996 a
2419 3942 2639 4013 quantis
2669 3958 2763 3996 vos
2795 3941 2955 3996 bonis
2996 3942 3261 3996 abstraxit
3291 3950 3346 3995 et
3378 3940 3432 3994 in
3463 3953 3583 4010 quae
3606 3933 3760 4007 praeci-

2222 4034 2413 4103 pitavit
2440 4033 2601 4095 mala,
2622 4042 2675 4088 et
2703 4032 2845 4103 quod
2878 4041 2961 4087 est
2992 4048 3158 4102 super
3179 4034 3366 4086 omnia
3389 4033 3626 4103 gravius,
3646 4022 3760 4097 quod

2220 4140 2319 4179 vos
2350 4124 2404 4177 in
2434 4123 2618 4177 futuro
2655 4124 2854 4178 saeculo
2883 4124 3100 4178 aeternis
3134 4125 3310 4194 ptBnis
3342 4124 3612 4180 obnoxios
3641 4117 3760 4173 fecit.

2215 4212 2409 4268 Nonne
2454 4230 2551 4284 pro
2590 4215 2676 4273 bis
2701 4219 2979 4283 omnibus,
3010 4219 3099 4273 ubi
3144 4219 3301 4275 vobis
3330 4219 3578 4273 veritatis
3605 4216 3755 4269 lumen

2215 4306 2457 4369 obfulsit,
2482 4307 2621 4379 ignis
2634 4308 2952 4378 iustissimae
2973 4311 3362 4382 indignationis
3385 4308 3702 4371 accenditur,
3716 4313 3759 4357 et

2224 4401 2520 4456 iracundiae
2552 4401 2658 4456 Deo
2697 4402 2907 4472 placitae
2956 4402 3099 4456 intra
3145 4418 3242 4457 vos
3283 4402 3575 4472 consurgit
3616 4398 3763 4451 incen-

2221 4492 2368 4545 dium
2391 4530 2407 4557 ,
2452 4506 2561 4562 quo
2604 4502 2958 4546 consumatur
2990 4501 3044 4548 et
3077 4493 3343 4547 radicitus
3381 4494 3611 4547 intereat
3636 4498 3766 4543 omne

2221 4599 2461 4653 germen,
2498 4584 2542 4638 si
2573 4583 2719 4653 quod
2747 4584 2887 4639 forte
2916 4586 3058 4641 intra
3089 4599 3185 4641 vos
3217 4586 3376 4640 malae
3403 4583 3767 4655 concupiscen-

2222 4676 2312 4729 tia:
2337 4674 2672 4745 pullulavit?

2294 4766 2381 4821 IV.
2425 4767 2469 4799 ³⁸
2490 4766 2642 4821 Unde
2681 4775 2735 4821 et
2778 4768 2894 4838 ipse
2922 4769 3013 4839 qui
3046 4771 3193 4825 misit
3220 4787 3346 4835 nos,
3395 4786 3524 4825 cum
3565 4766 3768 4822 venisset

2222 4866 2275 4915 et
2305 4875 2519 4915 omnem
2554 4862 2813 4915 mundum
2833 4861 3057 4916 vidisset
3083 4862 3151 4915 ad
3178 4864 3449 4917 malitiam
3474 4860 3765 4917 declinasse.

2221 4967 2334 5008 non
2358 4953 2620 5008 continuo
2649 4969 2836 5025 pacem
2863 4956 2913 5009 ei
2941 4956 2996 5008 in
3025 4956 3304 5010 erroribus
3338 4956 3527 5025 posito
3552 4946 3767 5011 deditur

2223 5064 2346 5103 eum
2375 5048 2722 5103 confirmaret
2757 5049 2812 5102 in
2842 5049 3021 5111 malis,
3048 5049 3140 5104 sed
3173 5050 3505 5119 ignorantiae
3535 5047 3648 5117 ejus
3672 5039 3765 5095 rui‘

2221 5141 2310 5196 nis
2337 5141 2622 5196 scientiam
2653 5140 2897 5196 veritatis
2919 5143 3193 5211 Opposuit,
3220 5150 3299 5206 ut,
3344 5143 3395 5196 si
3433 5142 3570 5196 forte
3610 5134 3767 5203 resipi'

2224 5242 2439 5289 scerent
2465 5242 2518 5287 et
2549 5234 2731 5287 lumen
2763 5233 3009 5288 veritatis
3034 5234 3360 5303 aspicerent,
3380 5234 3635 5302 deceptos
3658 5229 3768 5293 seel

2223 5325 2279 5379 in
2312 5324 2606 5395 praecipitia
2635 5327 2840 5381 erroris
2870 5327 3175 5381 abstractos
3206 5328 3409 5386 merito
3451 5325 3704 5385 dolerent,
3730 5325 3770 5368 ει

2226 5418 2530 5472 iracundiae
2555 5416 2813 5473 salutaris
2868 5420 3046 5488 ignem
3094 5419 3389 5479 adversum
3436 5412 3767 5485 deceptricem

2222 5509 2307 5562 sui
2333 5508 2682 5579 conciperent
2705 5510 3083 5581 ignorantiam.
3115 5509 3196 5566 Ob
3216 5511 3319 5565 hoc
3343 5514 3535 5581 itaque
3549 5505 3767 5562 diccbat:

2223 5599 2406 5671 Ignem
2435 5602 2549 5655 veni
2579 5602 2785 5657 mittere
2812 5604 2865 5657 in
2892 5610 3105 5669 terram,
3130 5612 3181 5658 ct
3200 5619 3363 5673 quam
3396 5602 3518 5658 volo
3548 5610 3602 5655 ut
3621 5606 3765 5651 acritr

632 5762 677 5793 “
714 5763 845 5830 ρυλε
867 5782 983 5837 cap.
1026 5769 1156 5823 4-H
1190 5770 1241 5823 in
1273 5768 1395 5823 cdd.
1421 5771 1695 5840 leguntur,
1722 5774 1916 5829 desunt
1943 5776 1997 5829 in
2022 5775 2179 5831 codd.
2209 5790 2341 5831 mss.
2371 5774 2552 5849 Lipss.
