4022 6274
552 336 674 393 1551

1412 331 1470 388 S.
1507 331 1900 387 CLEMENTIS
1939 332 1959 385 ι
1998 332 2162 388 ROM.
2204 334 2406 391 PONT.
2447 334 2675 392 OPERA
2713 334 2940 392 DUBIA.

3641 335 3753 390 i332

620 451 729 507 \‘ll.
770 450 991 506 Certum
1017 457 1100 503 est
1125 449 1268 504 enim
1296 448 1425 519 quia
1454 465 1550 521 per
1577 449 1780 503 ferrum
1822 449 1963 503 facta
1988 459 2117 505 sunt
2146 459 2191 515 Α
2219 455 2376 523 pletis
2402 455 2574 509 bteres
2601 451 2829 508 edicitur
2866 451 2987 520 ejus
3015 463 3046 503 a
3067 464 3178 520 quo
3204 448 3257 502 in
3281 447 3675 517 incorruptione
3693 465 3756 502 τι·

549 547 867 608 simulacra,
902 543 1105 596 ferrum
1141 556 1269 597 vero
1322 558 1416 613 per
1462 543 1642 611 ignem
1674 540 1985 596 confectum
2015 551 2122 606 est,

549 642 643 712 qui
676 641 816 711 ignis
846 652 986 707 aqua
1017 635 1405 704 exstinguitur,
1439 650 1577 703 aqua
1619 642 1799 689 auten:
1837 649 1934 704 per
1963 635 2128 704 spiri-

551 741 665 786 tum
701 739 967 791 movetur,
998 728 1226 798 spiritus
1260 734 1439 781 autem
1486 742 1515 779 a
1564 726 1670 779 Deo
1700 725 1914 779 initium
1944 728 2122 780 habet.

555 824 644 879 Sic
672 824 814 878 enim
858 822 993 875 dicit
1032 820 1246 890 Moyses
1277 818 1536 888 propheta
1572 837 1584 869 :
1624 815 1691 870 In
1722 818 1979 887 principio
2004 818 2127 886 fecit

551 916 692 969 Deus
721 916 906 969 caelum
949 923 997 967 ct
1037 923 1254 973 terram,
1298 920 1439 963 terra
1476 920 1649 962 autem
1694 918 1809 962 erat
1847 907 2126 961 invisibilis

551 1018 601 1061 et
632 1008 1000 1075 incomposita,
1028 1015 1076 1058 et
1127 1002 1350 1057 teuebra:
1396 1011 1547 1056 erant
1592 1016 1747 1068 super
1778 1000 2046 1069 abyssum,
2078 1006 2128 1051 et

555 1099 785 1168 Spiritus
833 1097 932 1150 Dei
974 1106 1087 1150 erat
1114 1111 1268 1163 super
1297 1110 1462 1163 aquas
1484 1093 1548 1147 “.
1582 1093 1686 1158 Qui
1716 1092 1941 1161 spiritus
1967 1091 2127 1158 jussu

553 1188 683 1253 Dei,
716 1187 871 1258 quasi
924 1187 1040 1256 ipsa
1068 1184 1383 1239 Conditoris
1424 1198 1618 1236 manus
1648 1182 1823 1235 lucem
1855 1179 2129 1248 separavit

557 1298 587 1335 a
612 1281 852 1334 tenebris
884 1276 1018 1349 (50),
1047 1284 1100 1332 ct
1126 1284 1248 1345 post
1279 1273 1413 1328 illud
1445 1274 1718 1329 invisibile
1751 1274 1949 1326 cmlum
1983 1271 2128 1325 istud

555 1373 769 1427 visibile
799 1370 1072 1440 produxit,
1106 1378 1163 1422 ut
1194 1368 1479 1437 superiora
1508 1366 1728 1436 quidem
1757 1363 2128 1417 habitaculum

560 1465 761 1517 faceret
789 1462 1015 1531 angelis,
1047 1460 1305 1515 inferiora
1358 1474 1485 1513 vero
1534 1457 1867 1511 hominibus.
1900 1454 2133 1524 Propter

559 1562 610 1608 te
644 1569 773 1622 ergo
801 1554 893 1607 Dei
923 1554 1103 1621 jussu,
1125 1566 1263 1621 aqua
1287 1565 1407 1621 qua:
1430 1557 1549 1605 erat
1571 1564 1734 1619 super
1761 1548 1951 1603 [aciem
1975 1555 2131 1601 terra:

558 1646 806 1708 secessit,
839 1653 898 1698 ut
928 1655 1070 1699 terra
1093 1644 1189 1697 tibi
1227 1643 1549 1713 produceret
1574 1640 1807 1703 fructus,
1839 1642 1928 1694 cui
1967 1640 2129 1693 etiam

558 1733 846 1791 humerum
880 1751 1047 1791 venas
1074 1737 1307 1790 latenter
1338 1735 1589 1798 inseruit,
1619 1743 1680 1787 ut
1702 1733 1796 1787 tibi
1827 1749 1893 1786 ex
1924 1748 1987 1786 ea
2014 1746 2133 1801 pro-

558 1826 786 1881 fluerent
815 1825 993 1881 fontes
1012 1834 1067 1879 et
1087 1824 1567 1896 ﬂuniina.Propter
1584 1833 1636 1878 te
1661 1824 1959 1893 producere
1977 1823 2133 1891 jussa

557 1931 641 1975 est
671 1919 990 1982 animantia,
1024 1926 1078 1973 et
1100 1919 1283 1971 omnia
1311 1933 1433 1987 quae
1457 1926 1550 1971 tuo
1592 1918 1715 1969 usui
1759 1915 2134 1982 voluntatique

558 2014 847 2068 servirent.
875 2009 981 2064 Aut
1013 2025 1122 2063 non
1158 2019 1379 2078 propter
1425 2017 1479 2063 te
1518 2009 1666 2062 venti
1714 2008 1946 2075 spirant,
1983 2015 2040 2059 ut
2068 2021 2134 2058 ex

560 2106 696 2175 ipsis
743 2103 1059 2171 concipiens
1106 2101 1317 2155 fructus
1360 2102 1459 2155 tibi
1507 2107 1651 2155 terra
1683 2098 1986 2170 parturiat?
2016 2096 2133 2150 Non

560 2204 780 2265 propter
810 2201 861 2246 te
891 2193 1093 2247 imbres
1145 2192 1422 2261 profluunt
1450 2199 1503 2245 et
1534 2201 1776 2259 tempora
1809 2190 2136 2244 vicissitudic

560 2304 657 2343 nes
692 2286 941 2340 mutant?
968 2284 1084 2339 Non
1118 2296 1336 2355 propter
1366 2292 1418 2339 te
1448 2284 1527 2338 sol
1569 2284 1746 2336 oritur
1773 2290 1827 2337 et
1860 2283 2059 2337 occidit
2081 2289 2135 2337 et

559 2377 893 2432 mutationes
924 2377 1053 2429 luna
1084 2374 1421 2446 perpetitur?
1467 2372 1697 2443 Propter
1726 2385 1777 2428 te
1813 2388 1962 2427 mare
1989 2373 2136 2427 exhi-

561 2469 651 2523 bet
698 2469 1015 2522 famulatum
1049 2484 1232 2530 suum,
1261 2454 1452 2520 ut‘tibi
1491 2467 1705 2537 ingrato
1732 2476 1928 2519 cuncta
1958 2465 2134 2533 subja-

563 2572 742 2617 ceant.
775 2563 965 2617 Nonne
1014 2577 1116 2633 pro
1165 2562 1250 2616 his
1299 2560 1556 2614 omnibus
1600 2560 1750 2628 justa
1777 2559 1883 2613 erit
1913 2557 2132 2612 ultionis

564 2671 745 2726 poma,
777 2654 904 2724 quia
936 2654 1128 2708 horum
1176 2653 1416 2706 omnium
1462 2650 1792 2719 largitorem,
1820 2664 1980 2718 quem
2010 2657 2135 2703 ante

564 2748 747 2801 omnia
770 2757 823 2801 et
838 2760 1131 2816 agnoscere
1159 2754 1213 2800 et
1240 2744 1484 2800 venerari
1510 2741 1797 2807 debuistis,
1824 2742 1999 2796 solum
2024 2756 2135 2811 prae

562 2837 777 2894 caeteris
799 2836 1133 2906 ignorastis?

636 2927 772 2983 VIII.
815 2926 920 2983 Sed
969 2935 1021 2982 et
1064 2912 1210 2981 nunc
1257 2928 1462 2982 eisdem
1493 2943 1590 2981 vos
1634 2927 1700 2980 ad
1725 2926 2133 2997 intelligentiam

566 3021 669 3075 viis
697 3020 865 3085 duco;
896 3019 1092 3073 videtis
1121 3019 1321 3073 etenim
1350 3017 1493 3087 quod
1529 3018 1710 3072 omnia
1743 3018 2038 3087 gignuntur
2066 3033 2134 3072 ex

567 3114 743 3183 aquis,
776 3127 916 3183 aqua
938 3126 1067 3166 vero
1096 3122 1191 3181 per
1212 3109 1558 3182 Unigenitum
1588 3126 1654 3166 ex
1686 3111 1840 3164 initio
1869 3110 2011 3164 facta
2025 3118 2128 3172 est,

571 3203 843 3275 Unigeniti
875 3221 1002 3260 vero
1032 3205 1379 3275 omnipotens
1412 3204 1552 3258 Deus
1587 3210 1749 3271 caput
1780 3211 1863 3258 est
1889 3203 2022 3274 (5|),
2047 3216 2142 3271 per

569 3314 728 3369 quem
756 3299 849 3352 tali
881 3300 1092 3362 ordine,
1125 3315 1232 3367 quo
1261 3314 1427 3366 supra
1449 3295 1709 3361 diximus,
1735 3297 2045 3365 pervenitur
2074 3294 2141 3349 ad

572 3388 820 3456 Patrem;
859 3406 983 3444 cum
1034 3399 1211 3443 autem
1262 3387 1574 3458 perveneris
1608 3387 1672 3440 ad
1698 3386 1933 3450 Patrem,
1970 3401 2142 3457 agno-

570 3495 693 3535 sces
727 3480 867 3534 hanc
912 3496 1034 3535 esse
1062 3481 1399 3535 voluntatem
1429 3478 1568 3548 ejus,
1606 3486 1665 3531 ut
1696 3494 1791 3548 per
1820 3493 1991 3548 aquas
2021 3492 2141 3546 quae

570 3573 759 3641 prima:
785 3581 981 3626 creata:
1011 3580 1139 3626 sunt
1164 3571 1297 3641 (52),
1336 3570 1516 3625 denuo
1544 3569 2139 3635 renascaris.Quienim

573 3672 922 3735 regeneratus
944 3664 1107 3718 fuerit
1132 3680 1225 3734 per
1256 3680 1473 3734 aquam,
1506 3663 1666 3717 bonis
1696 3662 1950 3731 operibus
1976 3661 2144 3716 adim-

639 3780 684 3813 ⁸³
719 3778 855 3835 Gen.
888 3795 927 3842 t,
952 3780 1003 3844 I,
1030 3778 1085 3832 2.

2164 1806 2206 1861 Β

2162 3140 2206 3196 C

1164 3778 1210 3809 “
1237 3777 1395 3834 Joan.
1422 3794 1505 3841 ιιι,
1533 3777 1587 3832 5.

1835 3910 2201 3967 COTELERII

570 4065 697 4125 Τοῖς
722 4061 947 4121 πιστοῖς,
982 4059 1015 4127 ἡ
1050 4057 1148 4126 τῆς
1183 4055 1432 4127 ἀσεβείας
1468 4054 1831 4127 κατάγνωσις,
1868 4054 2149 4127 οιρτάρκης

572 4124 725 4205 πρὸςΔ
754 4124 1031 4205 εῇσέᾷειάὺ
1051 4124 1176 4205 ,ἐστι
1204 4126 1422 4205 γηέξὸσις.
1452 4126 1575 4205 iga}
1600 4124 1708 4205 Ῑὰρ
1737 4125 1794 4205 εἰ.
1823 4124 2146 4205 μὴβυῖατὸις

572 4193 973 4257 κᾶτὰλαϐἐσοαι
1010 4198 1063 4251 τι
1104 4198 1218 4249 ἐστι
1246 4196 1398 4259 Θεὸς,
1441 4194 1578 4248 ἀλλὰ
1616 4195 1838 4247 δυνατὸν
1868 4196 2063 4261 εἰπεῖν,
2094 4193 2146 4246 τί

570 4275 671 4327 οὐκ
699 4273 861 4324 ἔστιν.

645 4342 758 4412 (50)
801 4340 905 4406 Qui
928 4340 1144 4408 spiritus
1165 4335 1487 4412 _jusstt__D_ei,
1520 4336 1672 4412 quasi
1701 4336 1816 4412 ipsa
1844 4334 2145 4412 Conditoris

573 4406 761 4465 manus
794 4412 891 4479 (ita
931 4406 1075 4463 recte
1105 4408 1266 4461 etiam
1301 4406 1422 4461 libri
1439 4407 1643 4479 scripti
1703 4406 2145 4479 (ilemeutiuorum

574 4499 653 4564 ξι..
683 4482 775 4544 22,
803 4473 959 4564 ’χε-ίρ)
999 4480 1163 4564 ιιιοεςη
1210 4477 1491 4564 διεροναςίξ³
1520 4473 1842 4564 αξιεηερζὶδ.
1877 4474 2059 4564 M'i‘tit‘ts
2090 4473 2144 4527 in

574 4542 1050 4612 Clementiuis','xat
1071 4542 1315 4616 λέγοντος
1335 4547 1429 4599 τοῦ
1450 4547 1606 4608 Θεοῦ,
1633 4548 1727 4616 sed
1754 4546 1891 4599 forte
1916 4542 2146 4598 Rufinus
2178 4542 2220 4594 D

574 4623 786 4685 legebat
815 4620 1123 4680 κελεύοντος
1151 4615 1244 4669 τοῦ
1274 4616 1428 4668 Θεοῦ.
1462 4616 1617 4686 Apud
1640 4615 1899 4670 Irenaeum
1924 4616 2016 4668 lib.
2063 4630 2146 4677 ιιι,

577 4692 824 4747 adversus
851 4692 1095 4747 Iiwreses,
1120 4703 1239 4757 cap.
1275 4686 1345 4740 8:
1382 4688 1646 4752 Quoniam
1685 4688 1791 4757 ipse
1806 4686 2072 4753 pra'cepit,
2104 4695 2152 4738 et

576 4773 754 4817 creata
787 4770 909 4815 sunt
939 4774 957 4812 :
989 4762 1097 4827 ipse
1125 4756 1283 4817 dixit,
1316 4766 1363 4809 et
1397 4759 1539 4821 facta
1568 4768 1709 4810 sunt.
1743 4756 1843 4810 Cui
1872 4772 1992 4827 ergo
2017 4771 2153 4823 pra:-

577 4835 753 4899 cepit?
789 4830 970 4887 Verbo.
1004 4825 1198 4882 scilicet
1225 4841 1242 4899 ζ
1268 4843 1359 4894 per
1386 4827 1544 4897 quod,
1577 4828 1770 4899 inquit,
1804 4825 1917 4879 caeli
1953 4826 2152 4899 ﬁrmati

575 4894 718 4963 sunt,
751 4911 799 4954 et
832 4900 1035 4969 Spiritu
1056 4900 1163 4952 oris
1192 4897 1313 4969 ejus
1348 4894 1516 4969 omnis
1554 4894 1714 4950 virtus
1742 4913 1950 4969 eorum.
1976 4894 2147 4964 (Psul.

575 4989 747 5036 xxxii,
772 4972 826 5032 9.
846 4964 924 5039 6.)
956 4970 1098 5023 Idem
1131 4964 1386 5039 legendus
1418 4967 1510 5021 lib.
1534 4984 1606 5030 tv,
1630 4964 2153 5039 cap._75.rl.ibroau-

577 5053 682 5099 tem
710 5061 761 5102 v,
785 5035 985 5111 capiti,
1009 5040 1139 5111 dicit
1172 5035 1316 5092 {Per
1334 5055 1534 5111 manus
1559 5039 1695 5091 enim
1726 5035 2147 5111 P_atris,_idu_est,

576 5130 667 5184 per
699 5106 895 5166 Filium
918 5122 973 5184 et
999 5110 1279 5184 Spiritum,
1311 5109 1369 5177 fit
1400 5108 1552 5184 homo
1583 5106 1863 5184 secundum
1902 5108 2151 5184 similituf

575 5177 745 5238 dinem
770 5184 881 5237 Dei.
910 5182 1015 5237 Sed
1043 5177 1316 5234 memoriae
1338 5178 1642 5232 mandanda
1664 5186 1747 5231 est
1778 5177 2151 5246 Chrysostomi

578 5271 741 5309 aurea
766 5253 1079 5309 observatio
1106 5251 1172 5303 de
1196 5250 1399 5319 Spiritu
1442 5256 1651 5319 sancto,
1671 5247 2100 5319 adlCOI'.XII,ii
2126 5270 2139 5304 :

576 5324 775 5393 Καθὼς
807 5323 1071 5393 βούλεται,
1102 5321 1162 5373 οὐ
1186 5317 1364 5393 acadd);
1390 5317 1743 5393 xslsﬁstarct
1783 5318 2144 5393 ἐξιεάττεται,

568 5389 729 5447 Prout
746 5387 854 5448 sua
894 5411 992 5446 non
1008 5401 1159 5460 prout
1167 5390 1379 5459 jubetur
1395 5405 1457 5443 ac
1472 5390 1791 5460 pra'cipitur.
1809 5387 1945 5442 Vide
1959 5403 2144 5457 supra.

650 5466 762 5533 (51)
826 5463 1089 5533 Uuigeuiti
1127 5479 1250 5533 gero
1293 5462 1615 5533 omnipotens
1660 5459 1796 5533 Deus
1839 5467 1992 5526 caput
2044 5470 2142 5533 eq.

578 5530 664 5588 En"
689 5530 849 5589 verba
882 5530 1083 5595 Rufini,
1120 5531 1524 5600 Expositiouein
1550 5530 1859 5600 Symbolum
1880 5530 2147 5598 apostolo-

578 5622 697 5657 rum
739 5620 756 5656 :
820 5603 1013 5657 Unicus
1059 5621 1180 5673 ergo
1223 5602 1397 5656 Filius
1445 5611 1571 5656 est:
1608 5610 1657 5653 et
1690 5616 1806 5654 cum
1839 5601 1908 5673 sit
1950 5600 2141 5673 gloria.

577 5676 1007 5741 sempiternitate,
1045 5669 1253 5737 virtute,
1303 5689 1480 5740 regno,
1526 5680 1810 5742 potestate,
1862 5670 1955 5723 hoc
2008 5669 2144 5742 quod

585 5740 744 5810 Pater
766 5756 877 5807 est;
901 5748 1077 5798 omnia
1104 5755 1275 5797 tamen
1308 5744 1416 5797 haec
1460 5740 1562 5796 non
1607 5743 1715 5795 sine
1745 5750 1978 5800 auctore,
2007 5740 2144 5792 sicut

583 5814 765 5881 Pater,
818 5815 907 5868 sed
960 5831 1023 5869 ex
1074 5814 1235 5868 Patre
1264 5824 1515 5883 tauquam
1548 5810 1721 5867 Filius
1765 5813 1875 5866 sine
1913 5811 2062 5864 initio
2092 5820 2140 5864 et

2225 556 2514 617 generatus
2543 555 2647 600 est.
2680 544 2910 613 Propter
2929 542 3072 612 quod
3094 544 3300 611 paratis
3329 542 3527 595 animis
3549 541 3757 595 accedite

2226 639 2382 708 quasi
2416 638 2509 692 ﬁlii
2537 637 2603 691 ad
2638 647 2867 706 patrem,
2900 645 2958 690 ut
2978 644 3199 706 peccata
3228 643 3407 690 vestra
3439 635 3696 689 diluantur
3715 643 3757 688 et

2226 746 2393 785 causa
2439 746 2628 786 eorum
2677 732 2792 784 sola
2836 729 3139 800 ignorantia
3169 728 3340 783 fuisse
3365 727 3615 798 probetur
3641 728 3756 796 apud

2228 822 2419 879 Deum.
2471 823 2604 877 Nam
2636 824 2680 879 si
2710 830 2830 893 post
2862 822 3191 893 agnitionem
3229 822 3422 875 borum
3467 819 3756 889 permanetis

2226 912 2283 967 in
2314 914 2713 976 incredulitate,
2739 914 2891 969 vobis
2918 913 3029 981 jam
3064 911 3387 983 penditionis
3413 922 3605 966 vestra:
3622 923 3757 964 causa

2227 1015 2281 1058 et
2312 1020 2419 1058 non
2451 1006 2766 1076 ignorantiae
2784 1004 3254 1074 reputabitur.Nec
3277 1020 3349 1074 pu
3374 1020 3433 1058 es
3449 1002 3587 1073 quod
3607 1004 3758 1057 etiam-

2229 1099 2275 1151 si
2307 1113 2520 1152 omnetn
2552 1099 2804 1167 pietatem
2838 1097 2987 1152 colas
3030 1112 3354 1165 omnemque
3374 1096 3650 1163 justitiam,
3680 1097 3758 1151 ba-

2230 1189 2488 1258 ptismum
2505 1204 2635 1243 vero
2658 1204 2767 1242 non
2792 1188 3051 1257 accipias,
3067 1203 3216 1256 spem
3234 1188 3412 1257 possis
3430 1186 3622 1240 habere
3643 1187 3757 1255 apud

2231 1279 2439 1345 Deum;
2480 1282 2589 1335 imo
2628 1281 2808 1351 potius
2857 1281 3063 1350 majore
3111 1294 3270 1349 poma
3309 1280 3508 1349 dignus
3553 1280 3648 1334 erit
3686 1279 3759 1348 qui

2229 1375 2371 1429 bona
2402 1388 2567 1443 opera
2596 1388 2707 1426 non
2736 1374 2873 1427 bene
2902 1380 3181 1443 operatur,
3214 1370 3496 1426 confertur
3523 1370 3654 1423 enim
3679 1384 3761 1422 me-

2228 1466 2393 1520 ritum
2409 1466 2611 1520 homini
2628 1483 2694 1521 ex
2726 1466 2884 1520 bonis
2904 1466 3088 1535 gestis,
3113 1464 3207 1519 sed
3242 1464 3287 1519 si
3320 1465 3392 1517 ita
3415 1468 3659 1534 gerantur
3677 1459 3760 1514 sic-

2230 1565 2290 1611 ut
2321 1556 2464 1611 Deus
2493 1557 2668 1625 jubet.
2723 1557 2864 1613 Deus
2897 1566 3076 1612 autem
3098 1557 3264 1626 jussit
3290 1570 3507 1609 omnem
3536 1553 3759 1607 colentem

2232 1666 2290 1705 se
2314 1651 2582 1720 baptismo
2603 1651 2939 1721 consignari,
2970 1648 3114 1720 quod
3146 1649 3191 1703 si
3224 1656 3281 1701 tu
3315 1646 3569 1701 reniteris
3597 1652 3643 1699 et
3682 1653 3761 1695 tua:

2230 1742 2494 1794 voluntati
2548 1742 2720 1812 magis
2766 1757 2926 1811 quam
2976 1740 3069 1796 Dei
3103 1741 3471 1810 ohtemperas,
3499 1734 3762 1792 contrarius

2234 1831 2355 1886 sine
2385 1832 2552 1886 dubio
2583 1839 2637 1887 et
2666 1832 2923 1886 inimicus
2948 1847 3007 1885 es
3044 1831 3310 1885 voluntati
3345 1829 3491 1897 ejus.

2308 1922 2398 1977 IX.
2445 1924 2549 1978 Sed
2576 1925 2724 1979 dices
2755 1923 2987 1978 fortasse
3020 1942 3031 1977 :
3069 1921 3211 1987 Quid
3256 1921 3469 1977 confert
3518 1934 3655 1989 aqua:
3692 1917 3765 1970 ba-

2235 2018 2469 2086 ptismus
2496 2016 2560 2069 ad
2592 2014 2685 2070 Dei
2714 2014 2958 2069 cultum?
3002 2012 3181 2067 Primo
3212 2013 3456 2082 quidem,
3488 2014 3606 2082 quia
3650 2007 3765 2079 quod

2236 2106 2346 2161 Deo
2375 2107 2577 2176 placuit
2603 2107 2888 2176 impletur;
2922 2105 3183 2167 secundo,
3222 2104 3350 2175 quia
3395 2111 3690 2174 regenerato
3716 2115 3766 2154 ex

2236 2198 2393 2268 aquis
2420 2206 2474 2251 et
2505 2194 2614 2252 Deo
2649 2202 2875 2260 renato,
2917 2194 3183 2264 fragilitas
3236 2194 3440 2265 prioris
3487 2191 3764 2250 nativitatis,

2234 2305 2356 2360 quae
2385 2290 2484 2343 tibi
2513 2304 2610 2358 per
2640 2289 2911 2343 hominem
2942 2286 3085 2343 facta
3132 2298 3236 2352 est.
3283 2293 3612 2357 amputatur,
3639 2295 3685 2338 et
3710 2284 3767 2335 ita

2234 2381 2454 2437 demum
2503 2381 2786 2451 pervenire
2832 2383 3036 2451 poteris
3083 2381 3152 2435 ad
3194 2382 3451 2444 salutem,
3483 2379 3630 2433 aliter
3667 2388 3767 2428 vero

2234 2473 2571 2543 impossibile
2618 2482 2720 2528 est.
2758 2473 2848 2529 Sic
2896 2476 3041 2529 enim
3091 2474 3251 2529 nobis
3298 2488 3423 2528 cum
3473 2474 3768 2528 sacramento

2234 2582 2397 2621 verus
2420 2565 2690 2635 Propheta
2723 2574 2953 2621 testatus
2984 2573 3090 2629 est,
3120 2565 3313 2622 dicens
3342 2583 3357 2619 :
3388 2566 3551 2619 Amen
3578 2563 3680 2615 dico
3700 2576 3767 2612 ro-

2235 2655 2335 2720 bis,
2359 2655 2462 2709 uisi
2476 2655 2591 2726 quis
2608 2652 2777 2709 denuo
2802 2663 3012 2707 renatus
3037 2654 3195 2723 fuerit
3214 2668 3279 2707 ea:
3305 2670 3468 2723 aqua,
3503 2667 3600 2704 non
3632 2649 3767 2700 intra-

2235 2746 2331 2800 ibit
2354 2748 2409 2800 in
2431 2763 2591 2816 regna
2611 2746 2861 2799 caelorum
2879 2744 2943 2799 ⁸⁵.
2961 2743 3027 2797 Et
3055 2744 3175 2798 ideo
3201 2745 3523 2806 accelerate,
3553 2748 3628 2797 est
3653 2737 3764 2793 enim

2234 2839 2290 2893 in
2316 2839 2473 2908 aquis
2500 2838 2619 2894 istis
2650 2836 3037 2892 misericordia:
3058 2837 3140 2890 vis
3168 2836 3441 2905 quaedam,
3463 2849 3577 2904 qua:
3602 2848 3655 2885 ex
3684 2828 3765 2881 iui-

2234 2928 2312 2984 tio
2358 2928 2634 2984 ferebatur
2676 2943 2840 2998 super
2880 2943 2996 2992 cas,
3029 2936 3081 2982 et
3119 2926 3366 2998 agnoscit
3398 2942 3495 2980 eos
3523 2923 3607 2993 qui
3634 2917 3767 2986 bapti-

2234 3030 2431 3077 zantnr
2454 3022 2555 3076 sub
2581 3022 2943 3091 appellatione
2984 3020 3214 3091 triplicis
3246 3017 3591 3080 sacramenti,
3616 3025 3661 3069 et
3684 3011 3767 3066 ei-

2237 3116 2316 3184 pit
2344 3130 2439 3168 eos
2469 3114 2535 3167 de
2564 3113 2849 3183 suppliciis
2878 3113 3098 3175 futuris,
3119 3111 3277 3182 quasi
3306 3110 3511 3165 donum
3540 3103 3768 3177 quoddam

2235 3206 2472 3261 offerens
2522 3203 2631 3258 Deo
2681 3205 2892 3259 animas
2936 3221 3032 3275 per
3074 3205 3406 3274 baptismum
3440 3207 3765 3257 consecratas.

2235 3297 2523 3367 Confugite
2556 3312 2685 3368 ergo
2715 3297 2780 3351 ad
2810 3312 2978 3367 aquas
3015 3298 3168 3359 istas,
3200 3297 3329 3351 sola:
3359 3303 3490 3351 sunt
3527 3293 3655 3349 enim
3677 3300 3770 3358 quae

2235 3389 2447 3457 possint
2476 3387 2585 3441 vim
2642 3388 2811 3441 futuri
2857 3387 2998 3457 ignis
3047 3387 3428 3456 exstinguere;
3454 3385 3519 3438 ad
3553 3396 3673 3453 quas
3697 3374 3767 3446 qui

2237 3491 2481 3536 moratur
2509 3480 2791 3545 accedere,
2832 3488 3049 3534 constat
3080 3481 3132 3534 in
3164 3494 3228 3534 eo
3256 3478 3589 3534 infidelitatis
3630 3472 3769 3526 adhuc

2237 3570 2440 3625 idolum
2467 3585 2805 3639 permanere,
2833 3577 2887 3624 et
2936 3569 3004 3621 ab
3052 3569 3170 3637 ipso
3220 3565 3500 3636 prohiberi
3547 3562 3606 3616 ad
3634 3569 3769 3627 aquas

2237 3677 2358 3732 quae
2386 3662 2614 3717 salutem
2645 3660 2956 3725 conferunt,
2986 3656 3435 3730 properare.Sive
3462 3655 3599 3711 enim
3624 3651 3769 3721 jusms

2272 3911 2508 3969 NOTAE.

2248 4054 2466 4120 atqualis
2496 4052 2685 4115 habet;
2715 4061 2764 4105 et
2794 4067 2909 4104 cum
2937 4050 3045 4117 ipse
3078 4051 3145 4104 sit
3175 4047 3409 4102 omnium
3437 4056 3607 4116 caput,
3638 4044 3769 4120 ipsius

2249 4113 2421 4179 tanien
2450 4135 2605 4192 caput
2632 4113 2708 4177 est
2740 4122 2922 4192 Pater.
2954 4113 3203 4192 Sicgeujm
3233 4113 3587 4192 scriptumest
3610 4115 3651 4184 (1
3670 4113 3766 4168 Cor.

2251 4210 2326 4253 xl,
2375 4196 2451 4262 5),
2486 4187 2625 4259 Quia
2669 4202 2825 4259 caput
2860 4189 3083 4262 Christi
3108 4190 3268 4262 Deus.
3306 4187 3607 4262 Prudenter
3626 4195 3768 4262 tamen

2248 4256 2532 4319 monemur
2560 4279 2587 4316 ὰ
2618 4262 2674 4318 S.
2699 4256 3007 4322 Ambrosio,
3033 4259 3127 4314 lib.
3155 4277 3205 4312 Iv
3239 4258 3310 4310 De
3331 4259 3456 4325 ﬁde,
3482 4275 3597 4327 cap.
3625 4256 3768 4312 2.n0u

2248 4332 2451 4389 dixisse
2480 4334 2819 4402 Apostolum,
2854 4340 3009 4403 caput
3038 4328 3253 4403 Christi,
3282 4328 3479 4403 Pater;
3517 4328 3771 4403 se_d,_capul

2247 4403 2478 4465 (Ilii-isti,
2528 4398 2701 4457 'Deus.
2740 4401 3111 4457 Consulantur
3152 4398 3475 4466 interpretes
3514 4399 3574 4452 ad
3626 4398 3770 4466 locum

2236 4475 2500 4542 Apostoli.
2534 4475 2768 4540 itemque
2792 4472 2848 4525 S.
2882 4471 3113 4525 Basilius
3140 4474 3192 4523 in
3235 4465 3424 4534 psaliii.
3458 4485 3639 4542 xxviii,
3666 4465 3709 4518 6.

2320 4543 2430 4613 (52)
2472 4543 2574 4596 Per
2604 4532 2766 4606 aquas
2784 4558 2898 4611 quw
2933 4542 3115 4608 primm
3145 4532 3340 4613 creata:
3366 4550 3509 4594 sunt.
3553 4538 3625 4613 Ει⁸
3644 4532 3772 4613 paulo

2256 4604 2622 4675 anim-Omnia
2652 4604 3009 4682 gignuntur—ex
3032 4612 3200 4680 aquis.
3222 4608 3476 4682 Clenteut.
3503 4626 3588 4682 χι,
3600 4604 3770 4682 Ωιι-Τὰ

2255 4683 2431 4754 ξάντα
2456 4683 2516 4735 τὸ
2704 4675 2869 4735 ἓτοιεῖ·
2902 4689 2955 4736 et
2986 4675 3310 4751 πρῶτογόνῳ
3343 4678 3522 4754 ὗᾷαειη
3552 4675 3771 4754 Equidem

2255 4750 2517 4823 Ebionitie
2531 4748 2955 4823 Recognitionum
2970 4748 3768 4823 co’rruptores,abj3piplianio.p.

2256 4766 2517 4807 nntonitze
2531 4766 2955 4823 uecognmonum
2970 4766 3414 4820 corruptores,au
3432 4766 3523 4819 bpl
3570 4766 3768 4810 uantoql.

2254 4822 2342 4882 53,
2374 4838 2568 4892 aquam
2594 4840 2690 4892 pro
2722 4823 2829 4877 Deo
2858 4821 3094 4877 coluisse
3116 4822 3391 4875 dicuntur.
3418 4820 3492 4873 De
3524 4766 3771 4892 gampsjl'is

2255 4908 2382 4961 vero
2406 4884 2797 4953 s'euElcesazis,
2851 4908 2971 4961 quae
3015 4892 3203 4946 eadem
3261 4892 3481 4946 haeresis
3524 4884 3770 4961 est,idetu

2252 4960 2413 5040 Pater
2442 4966 2653 5045 scribit,
2680 4981 2733 5045 p.
2765 4951 2903 5045 ιρις
2920 4961 3215 5045 Τετίμῃςαι
3242 4961 3298 5045 ῆὲ
3315 4964 3407 5014 καὶ
3438 4961 3497 5014 τὸ
3525 4959 3672 5044 ὖὲωρ

2250 5032 2406 5105 Ῥοδτο
2433 5035 2508 5097 ὡς
2536 5024 2665 5086 θεὸς)
2682 5024 2971 5105 ἢγοῦὗται-,ᾼ
2996 5024 3178 5105 σχεδὸν
3208 5032 3504 5105 φάσκοντες
3534 5024 3659 5105 sive}
3691 5024 3770 5105 si}?

2252 5101 2395 5171 ζωην
2419 5096 2889 5158 ὲκγτούτουῖιίἰηε
2931 5096 3316 5172 Hydrotheitte,
3348 5118 3539 5171 aquam
3587 5096 3771 5172 minime

2252 5166 2449 5226 factam
2482 5184 2735 5243 putantes
2769 5195 2781 5229 :
2812 5166 3213 5244 quam'creavit
3253 5166 3411 5228 Deus‘
3445 5173 3498 5227 in
3543 5166 3769 5244 principio

2252 5257 2359 5295 una
2400 5238 2523 5297 cum
2569 5246 2707 5299 cmlo
2750 5254 2803 5300 ct
2829 5238 3111 5305 "terra,et,
3152 5252 3211 5297 ut
3248 5238 3555 5312 loquuntur
3579 5238 3767 5307 Optabis

2251 5312 2343 5367 lib.
2370 5331 2444 5374 vi,
2476 5323 2637 5384 atque
2676 5317 2995 5369 Ambrosius
3023 5315 3075 5366 in
3098 5313 3258 5368 Luem
3303 5311 3465 5382 caput
3495 5311 3770 5384 pruinam

2249 5385 2433 5438 mundi
2454 5378 2710 5443 natalem,
2736 5387 2838 5440 hoc
2862 5395 2966 5447 est,
2987 5391 3112 5439 ante
3135 5378 3392 5439 mundum
3412 5382 3597 5437 ordine
3620 5378 3769 5443 dispo-

2250 5454 2446 5507 situm:
2484 5458 2666 5522 plirasi
2695 5456 3081 5516 Tertullianea,
3114 5464 3239 5510 ante
3264 5455 3445 5509 mundi
3476 5456 3763 5522 suggestum-

2246 5516 3040 5596 ngrillus-Hicrosolytttilanus,
3075 5526 3345 5596 catechesi
3375 5525 3407 5578 5
3442 5543 3454 5577 :
3491 5516 3767 5596 ξΕξὺδάτῳγ

2245 5594 2481 5667 cupavo?
2502 5596 2561 5659 ἐξ
2592 5592 2797 5649 esset,»
2825 5598 2856 5666 ἡ
2878 5596 2966 5665 γῆ.
2985 5596 3095 5667 Καὶ
3116 5595 3420 5667 πρὸίπάσης
3440 5592 3552 5667 δῶ)
3571 5594 3768 5667 τξνητςιξν

2245 5660 2343 5731 τῆς
2377 5666 2678 5736 ἐξαημέρου
2719 5660 3080 5734 κατάσκευῆς,
3125 5660 3335 5735 nisaee
3375 5660 3468 5736 ὲοῦ
3507 5660 3769 5736 Θεοςῦξπξο

2247 5725 2438 5815 ερέῥετο
2470 5725 2650 5789 tardum
2680 5736 2773 5789 τοῦ
2804 5725 3219 5815 ὓδατοέίξΑρχὴ
3247 5725 3338 5789 ἑοῦ
3356 5735 3551 5803 κόσμου
3566 5730 3621 5783 τὺ
3636 5725 3764 5815 ὕδιςξο

2244 5793 2383 5883 Lege
2400 5807 2779 5879 Augustinum,
2797 5808 2893 5863 lib.
2915 5793 3018 5862 tDe
3036 5793 3219 5862 ϐεἱιᾶἱ
3236 5813 3301 5860 uti
3321 5793 3673 5870 litterhm,cap.
3700 5793 3765 5845 i5-
