4036 6252
333 314 470 372 {555

1422 346 1427 351 ι
1514 312 2084 369 RECOGNITIONUM
2122 312 2251 369 LIB.
2293 311 2380 364 Vl.

3440 312 3581 367 1554

323 433 402 488 sis
436 434 551 486 sive
595 432 858 501 injustas,
896 431 1201 500 baptismus
1246 428 1345 483 tibi
1378 445 1473 499 per
1502 430 1685 484 omnia
1715 446 1901 485 neces-
1929 444 1972 498 Α
2002 439 2055 481 et
2077 425 2244 484 Deum
2266 428 2575 483 colentibus
2596 429 3010 487 observetur.ln
3056 439 3266 485 tantum
3287 437 3466 485 autem
3490 446 3585 486 ca—

320 526 499 579 sarius
527 532 629 580 est.
656 522 816 578 Justo
843 522 1084 593 quidem,
1118 530 1175 575 ut
1198 521 1557 590 adimpleatur
1580 522 1633 575 in
1677 537 1742 577 eo
1772 537 1895 591 per-

248 614 253 617 “
320 617 483 671 feetio
514 624 570 671 et
600 620 953 685 regeneretur
989 610 1137 677 Deo;
1173 612 1381 679 injusto
1414 628 1561 674 vero,
1607 624 1667 665 ut
1701 627 1895 681 pecca-

315 719 498 764 torum
522 723 642 778 qua:
668 706 839 777 gessit
861 706 915 759 in
939 705 1245 776 ignorantia
1267 704 1519 760 remissio
1540 706 1890 762 concedatur.

313 803 580 858 Omnibus
612 814 742 869 ergo
770 798 1141 854 festinandum
1186 807 1269 852 est
1314 798 1433 853 sine
1482 814 1631 852 mora
1680 798 1893 852 renasci

317 894 445 953 Deo,
466 893 591 963 quia
623 891 865 945 incertus
894 896 977 944 est
1001 890 1436 958 uniuscujusque
1459 889 1640 944 exitus
1666 889 1811 943 vitae.

385 984 449 1039 Χ.
491 984 627 1037 Cum
661 989 845 1037 autem
876 991 1230 1052 regeneratus
1260 980 1430 1035 fueris
1454 996 1551 1049 per
1580 995 1798 1050 aquam,
1826 994 1895 1034 ex

311 1078 573 1148 operibus
605 1077 765 1131 bonis
798 1074 1028 1130 ostende
1080 1073 1135 1128 in
1185 1082 1238 1129 te
1284 1072 1696 1129 similitudinem
1747 1072 1889 1140 ejus,

311 1171 406 1241 qui
430 1178 486 1226 te
520 1170 706 1241 genuit
732 1168 933 1222 Patris.
964 1166 1244 1237 Agnovisti
1277 1167 1422 1219 enim
1455 1164 1647 1226 Deum,
1680 1164 1891 1217 honora

314 1270 561 1332 patrem;
592 1261 770 1314 honor
809 1268 991 1313 autem
1033 1258 1155 1325 ejus
1184 1265 1287 1319 est,
1323 1263 1384 1308 ut
1428 1256 1501 1308 ita
1552 1256 1701 1309 vivas
1749 1254 1893 1308 sicut

311 1354 431 1424 ipse
451 1355 589 1408 vult.
626 1351 751 1407 Vult
772 1359 953 1406 autem
977 1360 1029 1404 te
1054 1350 1128 1403 ita
1175 1349 1379 1410 vivere,
1432 1358 1490 1400 ut
1515 1347 1888 1408 homicidium,

307 1446 632 1500 adulterium
649 1440 1390 1505 neseias,oilium,avaritiam
1415 1436 1612 1507 fugias.
1634 1437 1791 1497 iram,
1806 1452 1894 1488 su-

307 1538 906 1609 perbiam,jactantiam
937 1530 1579 1603 respuas,etexsecreris
1606 1529 1888 1592 invidiam,

310 1640 618 1701 caeteraque
652 1630 735 1684 his
763 1628 961 1684 similia
985 1625 1203 1697 penitus
1227 1640 1259 1677 a
1291 1632 1343 1678 te
1372 1623 1541 1677 duras
1566 1622 1763 1675 aliena.
1797 1620 1893 1674 Est

304 1738 440 1777 sane
467 1721 685 1792 propria
708 1718 951 1789 qumdam
988 1726 1188 1771 nostra
1220 1712 1497 1784 religionis
1519 1710 1888 1774 observantia,

2001 521 2259 575 stimouia
2287 537 2473 574 verum
2502 519 2598 574 Dei
2619 521 2826 574 cultum
2850 523 3287 592 tenentibus,per
3315 522 3415 578 has
3443 540 3582 592 quas

1998 628 2163 681 supra
2181 613 2422 665 diximus
2438 612 2680 681 aliasque
2698 613 2892 667 horum
2915 615 3345 685 similesspecies
3358 629 3583 669 conser-

2000 704 2175 757 vanda
2199 711 2301 767 est,
2336 710 2395 757 ut
2421 705 2583 758 etiam
2609 704 2752 774 apud
2776 721 2871 760 eos
2899 706 2992 775 qui
3017 722 3047 759 a
3070 706 3286 761 diabolo
3318 706 3497 760 adhuc
3524 707 3581 761 in

1995 797 2278 851 erroribus
2304 796 2637 859 detinentur,
2664 799 2925 853 attentius
2945 800 3297 864 observetur;
3330 806 3413 855 est
3432 799 3581 853 enim

1997 887 2141 957 apud
2190 888 2313 942 illos
2355 889 2998 945 nonnulla'observantia
3029 892 3383 947 castimoniae.
3436 891 3579 957 Quid

1996 994 2146 1048 ergo,
2178 980 2326 1049 quod
2356 988 2608 1035 errantes
2639 983 3055 1046 custodiebatis,
3090 983 3194 1037 hoc
3236 998 3345 1038 non
3382 985 3577 1040 obser-

1996 1071 2193 1124 vabitis
2227 1072 2541 1125 emendati?

2068 1160 2206 1217 lel.
2252 1162 2358 1216 Sed
2390 1164 2625 1220 fortasse
2650 1163 2794 1219 dicet
2826 1166 3025 1235 aliquis
3048 1176 3289 1223 vestrum
3317 1188 3329 1221 :
3356 1167 3580 1239 Oportet

1993 1269 2124 1325 ergo
2152 1271 2252 1312 nos
2280 1258 2462 1311 omnia
2512 1273 2634 1327 quae
2665 1258 2893 1313 fecimus
2923 1259 3051 1314 dum
3076 1263 3381 1317 coleremus
3409 1262 3577 1325 idola,

1993 1348 2310 1402 custodire?
2337 1347 2457 1402 Non
2477 1350 2688 1415 omnia;
2717 1351 2812 1405 sed
2836 1367 3178 1422 quaecunque
3195 1352 3333 1408 bene
3355 1354 3576 1419 ﬁebant,

1994 1439 2109 1494 haec
2136 1441 2297 1494 etiam
2345 1457 2491 1495 nunc
2520 1443 2778 1497 convenit
2805 1444 3102 1497 observare
3128 1486 3142 1510 ,
3192 1444 3320 1514 quia
3364 1446 3409 1501 si
3444 1445 3577 1516 quid

1992 1538 2139 1584 recte
2172 1530 2228 1583 lit
2267 1533 2334 1584 ab
2368 1532 2453 1587 his
2481 1534 2576 1602 qui
2618 1533 2671 1586 in
2701 1550 2890 1590 errore
2922 1544 3080 1597 sunt,
3111 1544 3321 1590 certum
3348 1544 3433 1595 est
3461 1537 3513 1591 id
3545 1552 3579 1591 a

1993 1623 2219 1675 veritate
2252 1634 2552 1694 sumptum.
2583 1623 2721 1690 Quia
2751 1635 2806 1680 et
2837 1626 2886 1681 si
2917 1628 3047 1696 quid
3075 1627 3130 1680 in
3159 1643 3286 1682 vera
3315 1629 3577 1699 religione

1993 1730 2103 1767 non
2137 1723 2284 1769 recte
2319 1714 2409 1780 lit,
2453 1732 2561 1770 non
2592 1726 2677 1772 est
2706 1718 2930 1772 dubium
2966 1720 3101 1790 quin
3137 1721 3205 1774 ab
3234 1736 3423 1775 errore
3455 1736 3577 1773 mu-

300 1828 426 1882 (μελε
457 1828 562 1865 non
602 1819 711 1863 tam
765 1811 1061 1879 imponitur
1107 1806 1444 1867 hominibus,
1473 1818 1633 1872 quam
1666 1802 1883 1870 proprie
1914 1787 1956 1840 Β
1986 1814 2198 1860 tuatum
2234 1808 2346 1868 sit;
2396 1809 2599 1863 bonum
2638 1826 2876 1881 namque
2914 1814 3130 1867 etiamsi
3164 1813 3233 1866 ab
3260 1812 3575 1867 errantibus

299 1905 372 1958 ab
401 1918 729 1974 unoquoque
764 1901 931 1956 Deum
958 1900 1171 1954 colente
1195 1911 1364 1952 causa
1393 1895 1646 1965 puritatis
1677 1892 1886 1962 expeti-

295 2007 413 2053 tur.
447 1996 794 2058 Castimoniae
836 1995 961 2054 ilico
1011 2010 1197 2060 causa,
1249 1991 1407 2066 cujus
1446 1989 1657 2062 species
1699 1988 1882 2040 multae

295 2104 464 2163 sunt;
496 2097 589 2151 sed
620 2096 794 2165 primo
823 2101 881 2148 ut
911 2092 1162 2147 observet
1191 2086 1589 2158 unusquisque,
1622 2100 1689 2138 ne
1730 2095 1882 2135 uten-

290 2198 527 2245 struatae
570 2188 785 2242 mulieri
829 2186 1145 2244 misceatur,
1192 2185 1299 2237 hoc
1347 2180 1493 2235 enim
1543 2175 1881 2233 exsecrabile

284 2283 457 2338 duxit
483 2283 567 2337 lex
592 2281 708 2336 Dei.
726 2278 881 2345 Quod
904 2279 1009 2332 etsi
1039 2279 1124 2332 lex
1147 2276 1214 2330 de
1238 2274 1322 2329 his
1346 2288 1455 2327 non
1481 2269 1876 2330 admonuisset,

286 2390 399 2430 nos
426 2381 486 2427 ut
509 2371 757 2427 canthari
781 2371 1011 2425 libenter
1032 2367 1373 2422 volveremur
1396 2364 1450 2417 in
1479 2359 1762 2417 stercore?
1786 2358 1883 2412 De-

290 2466 491 2521 bemus
531 2463 765 2532 amplius
805 2460 1012 2531 aliquid
1059 2459 1259 2513 habere
1298 2455 1646 2520 animalibus,
1692 2461 1881 2521 utpote

290 2557 650 2613 rationabiles
676 2554 925 2609 homines
941 2562 995 2608 et
1012 2551 1317 2607 caelestium
1344 2562 1604 2629 sensuum
1625 2560 1884 2617 capaces,

288 2652 498 2723 quibus
526 2650 726 2705 summi
770 2647 938 2703 studii
980 2661 1103 2701 esse
1146 2646 1325 2707 debet,
1357 2643 1425 2696 ab
1452 2640 1600 2696 omni
1623 2640 1879 2711 inquina-

290 2752 484 2798 mento
515 2742 699 2796 cordis
725 2739 1120 2796 conscientiam
1148 2734 1446 2790 custodire.

365 2833 460 2888 XI.
502 2834 709 2886 Bonum
760 2840 844 2888 est
887 2839 1066 2885 autem
1124 2837 1179 2883 et
1226 2827 1452 2898 puritati
1497 2824 1873 2885 conveniens,

287 2928 463 2983 etiam
511 2939 712 2993 corpus
756 2938 896 2992 aqua
938 2922 1164 2976 diluere.
1196 2919 1404 2973 Bonum
1436 2933 1564 2971 vero
1590 2916 1734 2977 dico,
1764 2929 1873 2967 non

287 3019 453 3090 quasi
485 3016 779 3086 primipale
809 3017 939 3069 illud
974 3016 1026 3068 in
1072 3030 1180 3084 quo
1210 3028 1363 3068 utens
1404 3011 1743 3081 purificatur,
1779 3004 1873 3062 sed

286 3112 443 3182 quod
475 3109 694 3179 sequela
726 3109 797 3162 sit
830 3108 976 3161 illius
1013 3107 1141 3161 boni
1170 3107 1277 3159 hoc
1312 3106 1366 3159 in
1396 3120 1505 3175 quo
1540 3117 1669 3158 caro
1712 3101 1875 3155 dilui-

287 3213 402 3259 tur.
442 3202 533 3257 Sic
573 3202 716 3256 enim
744 3209 798 3255 et
829 3199 1086 3269 Magister
1129 3207 1317 3253 noster
1364 3197 1630 3268 quosdam
1678 3192 1874 3249 Phari-

286 3311 534 3369 saeorum
562 3304 616 3348 et
641 3293 979 3354 Scribarum,
1009 3290 1101 3359 qui
1151 3290 1476 3344 videbantur
1499 3304 1621 3343 esse
1662 3286 1875 3342 caeteris

286 3388 552 3443 meliores
581 3392 635 3439 et
658 3399 690 3437 a
718 3384 877 3453 vulgo
902 3381 1162 3451 separati,
1198 3380 1536 3449 increpabat,
1561 3379 1751 3434 dicens
1780 3393 1876 3433 eos

285 3477 633 3550 hypocritas,
661 3476 790 3545 quia
814 3491 875 3528 ea
906 3473 1083 3528 solum
1110 3487 1230 3541 qua:
1267 3472 1583 3526 hominibus
1611 3470 1874 3524 videban-

284 3582 403 3633 tur,
439 3568 822 3638 purificabant,
860 3564 1026 3619 corda
1058 3579 1188 3618 vero
1218 3578 1337 3633 qua:
1380 3563 1530 3617 solus
1561 3561 1705 3616 Deus
1728 3561 1875 3629 aspi-

280 3662 387 3724 cit,
424 3659 705 3728 inquinata
735 3656 1117 3727 relinquebant
1136 3664 1190 3710 et
1221 3654 1464 3710 sordida.
1502 3654 1580 3708 Ad
1606 3653 1872 3723 quosdam

279 3766 421 3822 ergo
438 3766 507 3805 ex
533 3751 690 3821 ipsis,
707 3767 814 3806 non
846 3750 911 3803 ad
936 3765 1127 3803 omnes
1156 3748 1375 3803 dicebat
1400 3768 1411 3801 :
1443 3746 1528 3801 Va:
1551 3746 1716 3807 vobis,
1734 3744 1875 3797 Scri-

278 3846 365 3899 ba:
395 3853 448 3898 et
484 3842 745 3895 P/tat'iswi
800 3842 1120 3912 hypocritaz,
1178 3842 1301 3909 quia
1362 3839 1631 3893 mundatis
1687 3837 1870 3890 calicis

276 3949 332 3992 et
378 3935 684 4006 paropsidis
740 3936 877 4007 quod
910 3935 1108 4004 deforis
1165 3943 1265 3999 est,
1300 3935 1441 3987 intus
1491 3942 1668 3986 autem
1714 3931 1872 4001 plena

274 4038 409 4087 sunt
463 4027 729 4082 sordibus.
766 4027 1037 4083 Phariswe
1060 4044 1213 4091 came,
1248 4025 1481 4080 emunda
1531 4027 1678 4094 prius
1731 4024 1871 4093 quod

274 4125 431 4184 intus
466 4128 570 4183 est,
622 4128 671 4172 et
703 4118 840 4190 quod
873 4117 1074 4187 deforis
1102 4127 1180 4173 est
1227 4119 1326 4171 erit
1358 4117 1612 4171 mundum
1633 4117 1699 4171 “.
1733 4115 1871 4173 Vere

271 4215 430 4272 enim
465 4212 516 4267 si
548 4227 700 4267 mens
729 4211 1021 4267 mundetur
1043 4212 1163 4265 luce
1186 4210 1450 4275 scientias,
1470 4226 1593 4265 eum
1619 4210 1736 4280 ipsa
1760 4208 1874 4264 fue-

270 4309 348 4362 rit
375 4304 589 4360 munda
629 4318 695 4357 ac
737 4303 1037 4371 splendida,
1076 4311 1206 4357 tunc
1241 4303 1404 4357 etiam
1436 4302 1555 4372 ejus
1595 4303 1688 4372 qui
1717 4301 1869 4357 defo-

267 4404 352 4460 ris
388 4409 478 4459 est
510 4399 752 4455 hominis
774 4399 889 4469 ipsa
914 4399 1227 4453 necessario
1259 4414 1447 4452 curam
1480 4398 1640 4468 gerit,
1685 4397 1739 4450 id
1783 4403 1869 4451 est

265 4496 463 4553 carnis
521 4508 652 4556 suae,
697 4499 755 4546 ut
792 4498 846 4545 et
878 4490 1361 4559 ipsaspuriﬁcetur.
1400 4487 1503 4543 Ubi
1535 4496 1735 4543 autem
1760 4489 1867 4543 ista

1986 1905 2199 1967 gestum
2228 1898 2413 1965 fuerit,
2446 1901 2652 1955 bonum
2680 1910 2796 1967 est,
2832 1910 2884 1957 et
2912 1904 3119 1957 malum
3144 1904 3358 1959 etiamsi
3390 1903 3457 1957 ab
3488 1903 3574 1958 his

1985 1992 2078 2061 qui
2105 1992 2390 2047 veritatem
2421 2002 2731 2065 sequuntur
2761 2002 2974 2065 gestum
3011 1996 3195 2057 fuerit,
3228 1997 3432 2049 malum
3463 2005 3570 2051 est.

1982 2082 2091 2137 Aut
2121 2085 2369 2154 nunquid
2398 2087 2472 2139 ita
2508 2086 2880 2156 desipieuius,
2926 2098 2983 2141 ut
3026 2087 3071 2142 si
3116 2088 3401 2142 videamus
3446 2104 3571 2142 eum

1982 2176 2075 2249 qui
2107 2176 2252 2234 idola
2274 2177 2406 2234 colit
2429 2193 2554 2235 esse
2579 2178 2849 2246 sobrium,
2878 2195 2979 2235 nos
3001 2179 3093 2251 qui
3121 2178 3288 2235 Deum
3315 2181 3570 2244 colimus,

1985 2271 2157 2326 sobrii
2187 2287 2312 2327 esse
2343 2287 2664 2328 recusemus
2684 2310 2698 2338 ,
2742 2288 2811 2328 ne
2840 2272 3031 2328 eadem
3066 2272 3281 2334 facere,
3315 2287 3435 2342 quae
3480 2272 3572 2328 ille

1981 2364 2074 2432 qui
2103 2363 2234 2417 colit
2258 2363 2426 2431 idola,
2447 2364 2772 2419 videamur?
2804 2363 2924 2419 Non
2952 2365 3027 2419 ita
3050 2372 3157 2427 est,
3183 2364 3279 2420 sed
3310 2366 3381 2419 sit
3411 2365 3570 2421 nobis

1982 2455 2221 2509 studium
2242 2494 2259 2520 ,
2292 2465 2351 2510 ut
2392 2457 2439 2512 si
2478 2456 2558 2510 illi
2586 2456 2683 2528 qui
2712 2468 2922 2521 errant,
2954 2455 3307 2511 homicidium
3341 2472 3446 2510 non
3490 2456 3569 2510 fa-

1989 2554 2155 2618 ciunt,
2195 2566 2297 2605 nos
2329 2566 2394 2604 ne
2429 2551 2732 2605 irascamur
2771 2548 3025 2617 quidem;
3073 2557 3126 2602 et
3164 2549 3210 2603 si
3243 2549 3316 2601 illi
3353 2550 3562 2604 adulte-

1988 2645 2127 2699 rium
2150 2660 2258 2699 non
2286 2643 2596 2706 admittunt,
2631 2657 2731 2697 nos
2761 2657 2829 2696 ne
2857 2642 3311 2711 concupiscamus
3339 2643 3560 2713 quidem

1986 2735 2215 2790 alienam
2244 2735 2558 2800 mulierem;
2591 2733 2634 2788 si
2662 2732 2735 2785 illi
2762 2741 2948 2786 amant
2974 2732 3251 2800 proximos
3275 2750 3424 2791 suos.
3462 2749 3563 2789 nos

1985 2829 2276 2896 diligamus
2305 2827 2466 2881 etiam
2501 2824 2752 2879 inimicos
2786 2833 3042 2888 nostros;
3075 2824 3159 2891 ‘5;
3199 2825 3242 2879 si
3271 2826 3343 2878 illi
3372 2835 3563 2881 mutuo

1975 2916 2110 2970 dant
2144 2916 2231 2971 his
2262 2918 2353 2986 qui
2385 2918 2586 2972 habent
2621 2917 2764 2973 unde
2810 2917 3076 2979 reddant,
3129 2931 3231 2970 nos
3278 2917 3439 2968 etiam
3478 2915 3566 2970 his

1978 3007 2171 3063 demus
2194 3024 2224 3062 a
2249 3010 2450 3079 quibus
2480 3010 2722 3079 recipere
2750 3026 2859 3063 non
2888 3023 3193 3079 speramus.
3223 3008 3291 3060 Et
3322 3022 3416 3077 per
3445 3023 3565 3060 oni-

1978 3102 2070 3155 nia
2100 3118 2201 3157 nos
2231 3102 2321 3172 qui
2352 3104 2541 3156 mterni
2589 3103 2774 3158 sa:culi
2815 3101 3190 3157 haereditatem
3240 3115 3524 3172 speramus
3545 3137 3563 3163 ,

1905 3215 1944 3267 ε
1979 3195 2240 3251 debemus
2270 3196 2581 3265 prtecellere
2610 3210 2705 3250 eos
2734 3196 2825 3263 qui
2862 3208 3103 3265 praesens
3142 3200 3354 3245 tantum
3391 3206 3566 3246 δέλτου--

1980 3288 2092 3343 lum
2118 3296 2342 3351 norunt,
2378 3289 2613 3343 scientes
2644 3288 2793 3357 quia,
2830 3288 2875 3341 si
2910 3301 3075 3355 Opera
3106 3286 3322 3338 illorum
3357 3284 3565 3338 nostris

1975 3381 2238 3451 operibus
2264 3382 2495 3445 collata,
2546 3381 2598 3435 in
2630 3381 2718 3434 die
2748 3379 2945 3449 judicii
2977 3379 3177 3434 similia
3212 3379 3564 3432 inveniantur

1976 3488 2040 3527 ac
2069 3475 2245 3542 paria,
2280 3472 2533 3527 confusio
2564 3473 2725 3527 nobis
2749 3472 2875 3535 erit,
2909 3471 3054 3541 quod
3087 3472 3323 3540 aequales
3353 3471 3562 3544 inveni-

1976 3578 2098 3616 mur
2129 3565 2181 3617 in
2215 3566 2472 3633 operibus
2504 3565 2590 3618 bis
2621 3565 2715 3635 qui
2758 3574 2983 3635 propter
3028 3566 3394 3635 ignorantiam
3424 3581 3560 3619 con-

1974 3655 2615 3720 demnantur,etnuilam
2647 3673 2797 3726 spem
2824 3657 2990 3711 futuri
3021 3660 3203 3713 sazculi
3234 3659 3558 3717 habuerunt.

2045 3745 2184 3801 XIV.
2212 3746 2276 3799 Et
2298 3763 2423 3801 vere
2445 3747 2609 3818 digna
2634 3749 2886 3803 confusio
2913 3757 3019 3816 est,
3050 3751 3140 3804 ubi
3164 3750 3301 3806 nihil
3327 3754 3560 3821 amplius

1974 3841 2245 3908 gessimus
2271 3840 2339 3894 ab
2366 3839 2453 3894 bis
2478 3841 2678 3910 quibus
2708 3843 2943 3911 amplius
2973 3843 3361 3899 intelleximus.
3402 3845 3560 3910 Quod

1974 3933 2019 3988 si
2050 3932 2302 3988 confusio
2331 3933 2493 3990 nobis
2521 3933 2625 3989 erit
2651 3935 2892 4005 aequales
2918 3936 2999 3991 eis
3024 3936 3258 3992 inveniri
3293 3938 3347 3991 in
3378 3939 3560 4008 operi—

1973 4026 2076 4081 bus
2104 4027 2285 4093 bonis,
2319 4026 2451 4098 quid
2479 4028 2586 4082 erit
2615 4029 2796 4094 nobis,
2829 4030 2876 4083 si
2908 4029 3198 4085 inferiores
3228 4047 3330 4087 nos
3364 4046 3427 4086 ac
3458 4033 3559 4087 de-

1972 4121 2202 4175 teriores
2246 4121 2579 4177 examinatio
2626 4120 2813 4175 futura
2854 4124 3138 4191 reperiat?
3181 4124 3379 4178 Audite
3426 4140 3557 4195 ergo

1970 4212 2244 4283 quomodo
2265 4212 2333 4267 de
2372 4211 2458 4265 his
2487 4228 2589 4267 nos
2618 4214 2734 4282 ipse
2760 4229 2926 4269 verus
2951 4212 3224 4285 Propheta
3268 4216 3552 4284 docuerit;

1972 4305 2040 4359 ad
2070 4319 2164 4359 eos
2191 4304 2337 4359 enim
2368 4305 2463 4375 qui
2497 4307 2781 4376 negligunt
2819 4307 3010 4361 audire
3037 4309 3204 4363 verba
3237 4309 3551 4378 sapientiae,

1973 4396 2046 4451 ita
2076 4396 2151 4450 ait
2178 4415 2191 4450 :
2230 4395 2426 4467 Regina
2458 4399 2631 4451 austri
2662 4409 2841 4469 surget
2871 4400 2927 4452 in
2949 4399 3156 4468 judicio
3186 4417 3304 4453 cum
3332 4417 3553 4471 genera—

1973 4491 2110 4543 tione
2136 4489 2234 4543 Itac
2265 4502 2311 4544 et
2341 4490 2705 4546 condemnabit
2747 4508 2866 4546 eam
2890 4532 2903 4556 ,
2945 4494 3070 4563 quia
3106 4494 3241 4547 venit
3284 4512 3316 4547 a
3357 4494 3550 4563 ﬁnibus

262 4604 389 4659 qua;
412 4584 632 4641 deforis
666 4592 749 4637 est
772 4581 1073 4651 puriﬁcatio
1106 4580 1288 4635 carnis
1312 4580 1622 4649 negligitur,
1651 4588 1860 4635 certum
1898 4571 1940 4624 Β
1964 4592 2120 4638 term
2147 4583 2330 4637 audire
2358 4585 2669 4652 sapientiam
2697 4582 3020 4649 Salomonis,
3045 4594 3093 4640 et
3114 4602 3230 4640 ecce
3258 4587 3549 4656 plusquam

261 4689 354 4739 est
384 4681 462 4735 ibi
487 4693 673 4746 neque
695 4675 761 4730 de
790 4676 1025 4744 puritate
1049 4674 1265 4737 mentis,
1292 4688 1356 4727 ac
1384 4672 1649 4727 munditia
1683 4672 1867 4727 cordis

268 4788 472 4832 curam
507 4772 644 4842 geri.
669 4769 746 4823 ita
774 4784 905 4841 ergo
927 4768 1005 4830 fit,
1046 4775 1105 4820 ut
1134 4767 1182 4821 is
1222 4766 1440 4835 quidem
1477 4767 1571 4835 qui
1600 4764 1865 4819 intrinse-

268 4884 377 4923 cus
422 4863 666 4918 mundus
709 4871 813 4926 est,
837 4861 1133 4917 mundetur
1163 4860 1280 4914 sine
1306 4858 1475 4912 dubio
1514 4864 1569 4912 et
1595 4856 1867 4912 extrinse-

267 4974 398 5020 cus,
427 4971 543 5011 non
566 4970 779 5023 semper
798 4963 980 5009 autem
1004 4956 1050 5009 is
1068 4954 1159 5023 qui
1180 4952 1476 5006 mundatur
1497 4950 1864 5017 extrinsecus,

266 5052 444 5108 etiam
501 5047 836 5103 intrinsecus
877 5046 1113 5103 mundus
1154 5053 1260 5109 est,
1293 5044 1547 5099 videchet
1598 5061 1722 5101 cum
1750 5044 1859 5115 agit

267 5143 393 5197 haec
431 5143 492 5190 ut
526 5136 780 5190 omnibus
810 5136 1039 5205 placeat.

344 5228 466 5284 ΧΠ.
516 5224 623 5279 Sed
673 5234 727 5281 et
767 5228 857 5280 illa
902 5230 1111 5297 species
1150 5226 1486 5282 castimonia:
1521 5224 1860 5280 observanda

261 5332 379 5385 est,
442 5326 502 5372 ut
538 5333 606 5372 ne
636 5320 840 5387 passim
882 5328 933 5372 et
972 5320 1212 5375 libidinis
1242 5321 1414 5374 solius
1444 5334 1611 5373 causa
1640 5316 1859 5372 feminis

262 5421 526 5473 coeatur,
560 5410 653 5465 sed
681 5411 1015 5479 posteritatis
1043 5412 1360 5482 reparanda:
1389 5412 1581 5484 gratia.
1606 5409 1738 5477 Quae
1758 5410 1858 5463 ob-

262 5505 561 5568 servantia
580 5519 703 5558 cum
725 5505 779 5558 in
800 5506 1079 5561 nonnullis
1109 5509 1270 5561 etiam
1286 5507 1587 5579 pecudibus
1613 5506 1858 5560 invenia-

260 5614 383 5667 tur,
399 5596 642 5671 pudoris
662 5604 748 5653 est
791 5597 838 5652 si
861 5613 973 5653 non
1002 5599 1071 5653 ab
1094 5600 1411 5660 hominibus
1433 5603 1857 5660 rationabilibus

336 5764 387 5798 υ
424 5757 623 5816 Matth.
648 5774 803 5818 χχιιι,
841 5755 931 5820 25,
971 5756 1063 5813 26.

264 5853 347 5904 ιιι,
372 5835 484 5902 3'2;
522 5828 714 5885 Matth.
740 5845 838 5895 xu,
859 5828 952 5885 M.

606 5928 881 6013 Ρλςηιοιι.
918 5927 1035 5989 Gn.
1085 5927 1131 5987 ι.

1140 5759 1184 5792 ⁸⁸
1208 5759 1393 5818 Matth.
1422 5782 1474 5833 v,
1501 5763 1590 5831 2i,
1612 5763 1697 5831 '22,
1730 5761 1831 5828 98;
1860 5761 1991 5825 Luc.
2021 5783 2093 5834 vt,
2122 5764 2214 5823 27.

1968 4675 2227 4731 Salomon
2258 4676 2339 4730 hic
2360 4717 2375 4741 ,
2409 4687 2584 4731 etnon
2615 4677 2837 4733 audiunt
2857 4676 2922 4734 ⁸⁷.
2958 4678 3041 4732 Ad
3073 4695 3168 4733 eos
3200 4694 3330 4734 vero
3357 4680 3450 4749 qui
3482 4680 3550 4735 de

1966 4768 2126 4823 malis
2157 4769 2373 4824 actibus
2402 4785 2592 4841 gerere
2621 4772 3003 4840 paenitentiam
3036 4772 3435 4835 detrectabant,
3474 4774 3549 4826 ita

1966 4862 2042 4915 ait
2075 4881 2088 4915 :
2132 4861 2246 4915 Viri
2280 4862 2536 4917 Ninivila:
2575 4874 2790 4935 surgent
2832 4865 2887 4917 in
2922 4864 3128 4934 judicio
3169 4882 3286 4918 cum
3329 4882 3551 4935 genera-

1964 4956 2103 5009 tione
2140 4956 2237 5010 hac
2282 4966 2329 5010 et
2358 4956 2783 5011 condemnabam
2827 4974 2965 5023 eam,
3018 4959 3141 5028 quia
3190 4960 3550 5027 paenitentiam

1964 5057 2180 5118 egerunt
2234 5050 2289 5102 in
2329 5049 2709 5117 prardicatione
2749 5047 2940 5114 Jonaz,
2991 5060 3042 5104 et
3084 5067 3198 5104 ecce
3239 5051 3357 5119 plus
3389 5067 3549 5119 quam

1964 5142 2135 5197 Jonas
2166 5144 2247 5196 hic
2288 5142 2607 5198 ‘3-‘9.Vides
2627 5157 2756 5212 ergo
2786 5141 3061 5212 quomodo
3092 5158 3185 5198 cos
3212 5143 3303 5212 qui
3333 5142 3551 5196 erudie-

1966 5239 2167 5293 bantur
2181 5235 2652 5306 exlege,adductis
2678 5234 2745 5288 ad
2758 5236 3064 5303 exemplum
3095 5236 3201 5289 illis
3215 5235 3307 5305 qui
3332 5252 3396 5290 ex
3417 5251 3549 5305 gen-

1964 5330 2044 5383 tili
2077 5330 2385 5399 ignorantia
2426 5328 2737 5389 veniebant,
2768 5328 3149 5415 et‘ostendens
3180 5343 3275 5381 eos
3311 5343 3411 5383 nec
3439 5329 3546 5382 illis

1964 5422 2201 5491 aaquales
2225 5437 2347 5476 esse
2370 5420 2461 5490 qui
2488 5420 2541 5473 in
2561 5434 2747 5474 errore
2774 5418 2939 5489 positi
2964 5419 3309 5482 videbantur,
3336 5436 3401 5474 ex
3428 5421 3544 5490 ipsa

1965 5519 2174 5567 tantum
2207 5515 2618 5584 comparatione
2648 5512 2997 5568 condemnat.
3029 5510 3107 5564 Ex
3140 5513 3339 5582 quibus
3367 5515 3545 5566 omni-

1964 5604 2069 5662 bus
2098 5621 2279 5662 sermo
2299 5621 2460 5677 quem
2485 5603 2873 5675 proposuimus
2905 5605 3258 5674 approbatur,
3289 5612 3351 5659 ut
3376 5606 3544 5661 casti-

2290 5765 2330 5799 ”
2363 5762 2551 5821 Matth.
2581 5760 2776 5828 Junii;
2806 5759 2936 5817 Luc.
2972 5777 3047 5830 xr,
3080 5762 3167 5816 5|.
3266 5763 3379 5806 ‘8.”
3406 5763 3537 5818 Luc.

3060 5932 3138 5993 103
