4036 6252
547 288 684 345 1⁸555

1343 284 1400 339 S.
1442 279 1838 337 CLEMENTIS
1876 279 1896 333 ι
1936 278 2107 336 ROM.
2146 279 2350 339 ΡΟΝΤ.
2393 278 2623 336 OPERA
2662 278 2894 335 DUBIA.

3630 283 3739 341 1356

547 404 753 467 monia,
786 415 908 472 quae
935 400 1284 470 aliquatenus
1314 398 1477 454 etiam
1511 398 1579 452 ab
1609 396 1695 452 his
1730 397 1823 466 qui
1853 396 1908 450 in
1936 411 2127 452 errore
2155 405 2199 461 Α
2224 395 2640 468 praecedentium
2665 394 2883 451 fuerant
2895 392 3433 464 ordinati,proficisci
3446 393 3740 454 Antiochiam

546 503 679 554 sunt
700 495 863 567 positi
887 493 1221 557 custoditur,
1251 492 1423 546 multo
1450 492 1640 561 purius
1664 496 1718 544 et
1744 492 2001 545 attentius
2030 505 2129 560 per

547 590 795 660 singulas
823 601 1103 659 quasque,
1144 586 1289 642 sicut
1319 598 1485 654 supra
1519 582 1881 646 ostendimus.
1915 584 2126 653 species

548 696 580 736 a
608 681 769 736 nobis
797 680 892 751 qui
923 678 1210 734 veritatem
1244 676 1527 747 sequimur
1556 682 1826 739 teneatur,
1856 689 1922 729 eu
1952 675 2125 744 magis

547 788 659 844 quo
722 772 866 844 apud
894 786 996 828 nos
1020 771 1382 827 observantiae
1402 768 1522 838 eius
1544 768 1767 838 praemia
1798 774 2126 838 aeterna-po-

543 853 649 921 sita
678 872 824 921 sunt.

617 958 739 1017 XV.
770 958 896 1015 Haec
918 964 973 1016 et
993 958 1080 1014 his
1102 956 1300 1013 similia
1326 969 1450 1011 cum
1473 954 1725 1021 dixisset,
1752 952 1943 1008 turbas
1964 951 2126 1007 dimi-

555 1052 621 1108 sit
645 1093 660 1118 ,
693 1060 747 1108 et
773 1067 841 1109 ex
872 1066 1025 1106 more
1054 1064 1179 1105 cum
1211 1047 1575 1103 familiaribus
1605 1047 1722 1102 suis
1751 1046 1877 1100 cibo
1907 1053 2126 1114 sumpto

549 1146 780 1218 quievit.
801 1144 917 1201 Hoc
948 1150 1129 1200 autem
1153 1141 1315 1201 modo
1338 1157 1432 1213 per
1454 1148 1567 1197 tres
1588 1141 1882 1196 continuos
1908 1153 2125 1195 menses

550 1253 675 1291 cum
696 1238 923 1294 verbum
945 1235 1039 1292 Dei
1066 1235 1287 1290 doceret
1310 1243 1364 1289 et
1394 1235 1663 1305 plurimos
1690 1238 2032 1288 converteret
2056 1228 2126 1285 ad

551 1328 736 1396 fidem,
781 1326 849 1383 ad
884 1328 1137 1383 ultimum
1166 1326 1417 1397 jejunare
1444 1342 1532 1381 me
1556 1326 1725 1396 jussit
1745 1367 1760 1392 ,
1800 1334 1855 1381 et
1890 1332 2014 1396 post
2043 1324 2129 1395 je-

546 1420 763 1491 junium
812 1422 869 1478 in
915 1421 1158 1476 fontibus
1201 1420 1293 1491 qui
1340 1419 1583 1491 contigui
1624 1420 1895 1475 habentur
1941 1418 2123 1483 mari,

551 1512 809 1582 perennis
832 1526 987 1584 aqua:
1014 1511 1147 1568 mihi
1184 1512 1515 1583 baptismum
1545 1510 1715 1567 dedit.
1751 1510 1996 1581 Cumque
2026 1524 2126 1579 pro

552 1605 979 1675 regenerationis
1010 1605 1184 1677 gratia
1212 1604 1476 1660 divinitus
1509 1602 1643 1659 mihi
1671 1603 1867 1658 collata
1892 1643 1907 1669 ,
1944 1600 2125 1658 feriati

550 1711 674 1752 cum
721 1697 985 1754 fratribus
1029 1698 1136 1754 laeti
1180 1697 1521 1769 egissemus,
1566 1694 1761 1752 Petrus
1799 1709 1896 1750 eos
1930 1693 2023 1764 qui
2055 1693 2124 1749 ad

2223 489 2377 559 jubet
2399 496 2562 559 atque
2584 489 2656 543 ibi
2679 496 2793 543 tres
2818 487 2954 542 alios
2980 494 3298 557 exspectare
3319 500 3545 541 menses.
3567 485 3742 552 Quibus

2227 580 2490 651 profectis
2510 618 2525 645 ,
2556 581 2674 649 ipse
2699 594 2796 635 eos
2824 579 2919 649 qui
2951 578 3110 634 ﬁdem
3140 577 3354 633 Domini
3381 578 3529 649 plene
3556 595 3744 652 recepeo

2226 684 2371 737 rant,
2404 673 2683 728 deducens
2712 671 2781 725 ad
2802 670 2981 726 fontes
3005 686 3143 741 quos
3165 672 3301 726 mari
3324 672 3590 743 contiguos
3612 689 3744 744 supra

2227 768 2472 823 diximus
2503 764 2840 836 baptizavit,
2877 771 2931 820 et
2970 764 3359 820 eucharistiam
3389 764 3623 833 frangens
3645 782 3745 822 cum

2228 860 2333 927 eis,
2349 858 2625 913 Maronem
2647 858 2743 927 qui
2771 873 2894 913 eum
2925 858 3162 926 hospitio
3191 866 3464 929 receperat
3490 857 3745 928 perfectum

2223 950 2338 1021 jam
2368 952 2425 1005 in
2457 951 2715 1006 omnibus
2734 988 2750 1015 ,
2782 950 3066 1005 constituit
3094 950 3175 1006 eis
3204 950 3539 1020 episcopum,
3568 958 3616 1005 et
3639 951 3747 1006 duo-

2227 1044 2406 1099 decim
2435 1058 2561 1099 cum
2594 1058 2659 1098 eo
2692 1043 3046 1114 presbyteros
3066 1082 3081 1107 ,
3123 1043 3392 1111 simulque
3418 1041 3652 1098 diaconos
3676 1060 3748 1098 or-

2226 1136 2402 1192 dinat.
2463 1135 2708 1191 Instituit
2761 1135 2926 1191 etiam
2983 1136 3229 1190 ordinem
3290 1134 3566 1190 viduarum
3619 1147 3751 1206 atque

2226 1230 2410 1285 omnia
2442 1228 2704 1285 Ecclesia:
2747 1228 3052 1283 ministeria
3082 1228 3355 1299 disponit,
3406 1229 3752 1298 universosque

2227 1321 2488 1377 admonet
2532 1320 2743 1376 Maroni
2788 1321 3048 1392 episcOpo
3092 1322 3149 1375 in
3177 1321 3431 1375 omnibus
3459 1337 3572 1391 qua:
3597 1321 3752 1391 praeci-

2227 1420 2378 1484 peret
2407 1413 2649 1470 obedire.
2682 1411 2748 1468 Et
2767 1412 2844 1467 ita
2865 1413 3080 1469 cunctis
3101 1420 3470 1483 competenter
3493 1412 3750 1483 dispositis.

2226 1520 2353 1559 cum
2383 1505 2550 1560 trium
2580 1504 2851 1561 mensium
2882 1512 3097 1575 tempus
3132 1504 3329 1561 fuisset
3369 1505 3643 1575 expletum,
3677 1518 3752 1557 va-

2228 1598 2528 1655 ledicentes
2559 1598 2646 1665 his
2674 1598 2770 1670 qui
2795 1606 2952 1654 erant
2974 1596 3117 1669 apud
3144 1594 3429 1668 Tripolim,
3459 1595 3751 1651 Antiochiam

2228 1692 2647 1764 proficiscimur.

1609 1967 1967 2056 LIBER
2043 1964 2681 2055 SEPTIMUS.

630 2250 669 2304 Ι.
712 2247 933 2320 Egressi
950 2246 1181 2301 tandem
1211 2246 1376 2301 etiam
1420 2245 1683 2317 Tripolim
1724 2246 2003 2303 Phrenicis
2041 2264 2136 2302 ur-
2165 2258 2207 2313 Β
2238 2248 2482 2303 triduum
2536 2255 2803 2318 quantum
2850 2248 2917 2303 ad
2950 2248 3290 2319 propositum
3336 2264 3514 2305 meum
3550 2260 3761 2321 spectat,

553 2345 676 2400 bern
699 2386 713 2410 ,
760 2343 993 2414 primam
1040 2339 1096 2394 in
1140 2338 1429 2396 Ortosiade
1461 2340 1609 2395 haud
1638 2341 1831 2412 procul
1862 2356 1893 2395 a
1922 2339 2133 2411 Tripoli

554 2436 786 2492 fecimus
826 2433 1202 2498 mansionem,
1253 2432 1347 2487 ubi
1391 2433 1644 2503 sequenti
1674 2448 1896 2504 quoque
1924 2434 2014 2490 die
2046 2449 2135 2490 re-

554 2529 774 2593 morati,
806 2528 936 2598 quia
965 2540 1156 2582 omnes
1186 2540 1323 2597 pene
1352 2526 1445 2597 qui
1483 2524 1717 2581 Domino
1748 2526 2131 2593 crediderant,

554 2620 684 2675 dum
709 2620 892 2677 divelli
915 2634 944 2673 a
966 2618 1130 2674 Petro
1151 2624 1449 2692 nequeunt,
1474 2618 1569 2674 illo
1590 2634 1769 2691 usque
1788 2620 1960 2676 secuti
1981 2627 2132 2688 sunt;

555 2713 680 2767 inde
728 2711 1103 2766 Antharadum
1150 2710 1423 2768 venimus.
1479 2709 1588 2767 Sed
1636 2711 1783 2783 quod
1826 2713 1985 2767 multi
2032 2726 2135 2770 nos

555 2804 974 2868 comitarentur,
1005 2802 1082 2857 ait
1120 2800 1321 2861 Petrus
1361 2802 1431 2858 ad
1475 2801 1722 2859 Nicetam
1761 2803 1929 2860 simul
1973 2814 2137 2875 atque

554 2897 807 2968 Aquilam
834 2916 847 2953 :
882 2896 1150 2964 Quoniam
1174 2896 1394 2967 quidem
1424 2896 1673 2967 plurima:
1698 2896 1933 2953 fratrum
1962 2898 2137 2954 turba

557 2990 843 3045 nobiscum
880 2998 1044 3057 sunt,
1088 2996 1143 3045 et
1184 2989 1557 3059 ingredientes
1599 2990 1847 3060 singulas
1891 3005 2138 3061 quasque

557 3082 722 3137 urbes
746 3097 857 3137 non
882 3096 1077 3153 parum
1099 3080 1321 3137 invidiae
1341 3081 1743 3148 contrahimus,
1764 3081 1983 3138 videtur
2002 3082 2137 3137 mihi

556 3175 977 3243 providendum,
1009 3181 1070 3231 ut
1099 3188 1277 3245 neque
1305 3174 1444 3245 ipsis
1474 3174 1747 3246 ingratum
1775 3175 1850 3230 sit
1880 3175 1927 3231 si
1951 3176 2140 3246 prohi-

558 3268 792 3323 beantur
822 3266 1002 3339 sequi,
1034 3281 1213 3338 neque
1240 3267 1400 3322 nobis
1430 3281 1642 3338 pompa:
1672 3268 1907 3339 alicujus
1935 3268 2139 3325 excitet

556 3360 832 3429 malignus
857 3358 1142 3414 invidiam.
1174 3358 1385 3414 Censeo
1413 3358 1600 3429 =taque
1630 3366 1683 3414 te
1704 3358 1950 3416 Nicetam
1976 3370 2141 3431 atque

557 3449 809 3519 Aquilam
837 3450 1145 3521 praecedere
1172 3466 1275 3507 nos
1305 3466 1430 3506 cum
1459 3450 1619 3521 ipsis,
1650 3454 1726 3508 ita
1757 3459 1817 3507 ut
1847 3454 2010 3509 etiam
2042 3469 2140 3511 vos

562 3544 617 3595 in
662 3543 799 3597 duas
832 3533 1017 3613 partes
1058 3541 1291 3598 divisam
1332 3543 1736 3600 multitudinem
1778 3543 1992 3601 ducatis
2017 3585 2032 3610 ,
2080 3554 2141 3601 ut

562 3634 796 3703 sparsim
844 3635 1017 3706 magis
1067 3652 1230 3707 quam
1278 3637 1381 3692 sub
1414 3651 1525 3691 una
1566 3637 1989 3708 congregatione
2036 3639 2141 3694 iter

560 3734 804 3795 agentes,
828 3728 1076 3799 singulas
1099 3743 1345 3799 quasque
1370 3729 1710 3785 introeamus
1732 3730 1974 3802 gentium
2000 3731 2141 3788 civi-

562 3824 722 3875 tates.

632 3910 701 3967 ιι.
736 3910 865 3967 Scio
893 3920 1075 3970 autem
1125 3913 1254 3985 quia
1301 3913 1460 3970 triste
1511 3912 1665 3969 vobis
1716 3912 1955 3979 videtur,
1994 3914 2141 3986 quod

562 4003 821 4059 videmini
852 4019 881 4058 a
914 4021 1001 4061 me
1027 4006 1264 4062 duorum
1307 4007 1501 4062 saltem
1527 4006 1738 4062 dierum
1771 4009 1949 4079 Spatio
1984 4023 2144 4081 sepa—

566 4096 709 4161 rari;
741 4097 946 4153 credite
977 4098 1111 4153 mihi
1136 4137 1151 4162 ,
1189 4099 1319 4170 quia
1347 4115 1455 4171 qua
1486 4116 1744 4157 mensura
1774 4101 2002 4175 diligitis
2032 4121 2138 4169 me,

562 4189 795 4259 decuplo
822 4191 1054 4262 amplior
1081 4190 1215 4246 mibi
1245 4208 1465 4263 quoque
1495 4209 1624 4265 erga
1648 4210 1748 4251 vos
1779 4194 2008 4253 affectus
2034 4205 2140 4263 est,

561 4281 657 4336 sed
688 4284 732 4335 si
762 4297 863 4352 pro
892 4280 1088 4339 affectu
1111 4324 1126 4349 ,
1176 4300 1338 4356 quem
1368 4286 1676 4343 adinvicem
1705 4288 1949 4359 gerimus
1968 4330 1984 4355 ,
2033 4306 2143 4346 non

562 4373 831 4430 faciamus
860 4389 982 4446 qua:
1009 4377 1393 4433 convenientia
1421 4386 1475 4434 et
1507 4379 1737 4435 honesta
1780 4389 1944 4448 sunt,
2004 4383 2145 4437 irra-

560 4465 841 4522 tionabilis
883 4467 1201 4537 hujusmodi
1245 4484 1402 4525 amor
1437 4470 1735 4527 videbitur.
1786 4472 1853 4526 Et
1896 4472 2019 4529 ideo
2048 4489 2146 4530 ne-

559 4572 839 4628 quaquam
889 4561 1048 4615 titulo
1092 4562 1381 4618 charitatis
1428 4564 1721 4620 imminuto
1748 4605 1763 4629 ,
1823 4580 1944 4635 qua:
1990 4567 2145 4621 utilia

569 4650 818 4705 videntur
845 4666 910 4706 ac
942 4654 1257 4709 necessaria
1285 4670 1680 4726 procuremus,
1734 4659 1971 4714 maxime
2020 4673 2145 4713 cum

561 4744 747 4801 nullus
777 4744 895 4801 dies
924 4747 1099 4817 possit
1130 4748 1489 4814 intercedere,
1522 4766 1634 4821 quo
1671 4766 1783 4805 non
1810 4751 2146 4822 disputatio-

559 4838 726 4894 nibus
775 4839 912 4895 meis
962 4841 1229 4898 interesse
1276 4843 1525 4915 possitis.
1556 4843 1662 4900 Per
1706 4845 1953 4916 singulas
1997 4847 2144 4901 enim

2237 2341 2496 2412 insequar
2516 2356 2637 2397 vos.
2676 2337 3043 2411 Opperiemini
3077 2348 3257 2394 autem
3282 2356 3371 2396 me
3400 2342 3464 2396 ad
3498 2343 3761 2412 proximum

2235 2440 2407 2505 portae
2441 2432 2679 2489 civitatis
2708 2431 2981 2488 stabulum
3002 2472 3018 2499 ,
3068 2441 3122 2488 et
3155 2431 3280 2488 inde
3310 2434 3505 2489 iterum
3532 2434 3759 2501 similiter,

2236 2542 2361 2583 cum
2387 2525 2506 2582 dies
2540 2525 2612 2580 ibi
2640 2526 2849 2597 aliquot
2877 2526 3332 2596 transegerimus,
3372 2529 3666 2598 praecedetis
3696 2543 3763 2583 me

2236 2621 2305 2676 ad
2324 2620 2614 2677 ulteriores
2630 2618 2901 2686 civitates;
2919 2627 2973 2674 et
3002 2618 3106 2674 hoc
3123 2634 3221 2675 vos
3246 2619 3425 2676 facere
3447 2636 3537 2690 per
3559 2620 3762 2687 singulas

2238 2715 2421 2785 cupio,
2445 2713 2784 2770 declinandae
2803 2719 3067 2783 quantum
3091 2712 3147 2767 in
3169 2714 3332 2769 nobis
3354 2724 3438 2770 est
3455 2714 3652 2769 invidia:
3667 2727 3763 2784 gra-

2237 2808 2405 2877 tia,et
2418 2817 2478 2863 ut
2492 2808 2690 2863 fratres
2709 2806 3100 2878 quinobiscum
3120 2813 3270 2871 sunt,
3290 2807 3457 2862 vestri
3477 2806 3764 2877 providentia

2238 2915 2337 2973 per
2366 2900 2614 2971 singulas
2642 2899 2891 2955 civitates
2917 2908 3108 2970 parata
3155 2900 3499 2956 invenientes
3536 2899 3763 2969 hospitia.

2239 2991 2424 3048 minus
2444 2993 2631 3064 vagari
2659 2992 2969 3047 videantur.

2312 3082 2401 3139 lli.
2444 3082 2570 3140 Haec
2602 3084 2817 3141 dicente
2847 3082 3030 3149 Petro,
3071 3083 3387 3139 necessario
3434 3083 3765 3153 acquiescunt.

2240 3176 2487 3234 dicentes
2518 3197 2532 3233 :
2564 3175 2685 3232 Non
2717 3177 2874 3232 valde
2905 3192 3007 3233 nos
3047 3178 3340 3232 contristat
3368 3177 3473 3233 hoc
3501 3192 3647 3248 agere
3668 3176 3770 3246 quia

2242 3282 2271 3321 a
2303 3277 2355 3325 te
2376 3269 2654 3340 jubemur,
2687 3270 2778 3341 qui
2810 3269 2993 3323 omnia
3020 3280 3074 3324 et
3097 3270 3235 3325 bene
3261 3284 3426 3340 agere
3448 3279 3500 3326 et
3523 3270 3645 3325 bene
3669 3281 3773 3319 con-

2242 3363 2423 3419 sulere
2458 3377 2554 3433 per
2582 3361 2785 3417 Christi
2820 3361 3214 3432 providentiam
3252 3364 3467 3418 electus
3495 3378 3586 3428 es,
3626 3357 3705 3413 sed
3732 3366 3773 3409 et

2242 3470 2352 3509 una
2387 3455 2476 3510 die
2497 3464 2595 3510 aut
2625 3454 2672 3511 si
2699 3454 2929 3509 multum
2959 3453 3160 3521 biduo,
3196 3455 3453 3525 quamvis
3486 3451 3674 3526 grande
3700 3450 3772 3511 sit,

2244 3546 2300 3601 in
2334 3548 2439 3603 hoc
2466 3547 2613 3603 omni
2646 3547 2824 3619 spatio
2867 3563 2978 3601 non
3009 3547 3198 3602 videre
3243 3548 3527 3602 dominum
3569 3551 3773 3599 nostrum

2242 3639 2461 3695 Petrum
2483 3677 2501 3705 ,
2533 3648 2712 3696 tamen
2740 3640 3022 3695 tolerabile
3050 3649 3154 3695 est.
3199 3639 3624 3695 Consideramus
3662 3636 3781 3690 enim

2242 3732 2375 3804 quid
2424 3732 2704 3803 patiantur
2753 3732 2832 3786 illi
2876 3731 3169 3787 duodecim
3223 3730 3428 3787 fratres
3468 3729 3666 3791 nostri,
3704 3724 3773 3795 qui

2241 3824 2558 3897 praecedunt
2579 3839 2702 3889 nos,
2735 3830 2789 3879 et
2822 3838 3062 3879 mensem
3088 3839 3224 3894 pene
3251 3824 3528 3895 integrum
3551 3838 3612 3878 ex
3639 3821 3776 3874 tribus

2243 3916 2545 3982 mensibus,
2570 3916 2768 3987 quibus
2789 3930 2886 3986 per
2909 3930 3352 3985 unamquamque
3371 3917 3565 3970 urbem
3587 3912 3772 3967 resides.

2242 4016 2398 4064 tanto
2442 4009 2588 4063 bono
2624 4009 2846 4064 auditus
2870 4009 2950 4062 tui
2979 4007 3322 4077 visionisque
3374 4008 3697 4066 fraudantur.
3725 4001 3777 4057 Ut

2245 4116 2375 4172 ergo
2400 4101 2583 4171 jubes,
2616 4101 2744 4171 quia
2770 4108 2917 4156 recte
2940 4100 3123 4156 omnia
3152 4100 3346 4171 jubes,
3381 4117 3542 4173 agere
3566 4115 3664 4154 non
3688 4111 3778 4150 mo-

2245 4195 2514 4250 rabimur.
2555 4193 2621 4247 Et
2650 4194 2737 4249 his
2775 4194 2940 4250 dictis
2982 4210 3338 4265 praecessere,
3388 4195 3622 4265 acceptis
3658 4204 3778 4245 mal-

2245 4286 2388 4343 datis
2416 4330 2429 4355 ,
2483 4298 2543 4342 ut
2590 4294 2743 4343 extra
2792 4287 2983 4342 urbem
3028 4288 3444 4357 alloquerentur
3496 4286 3675 4342 fratres
3707 4279 3779 4350 qui

2247 4394 2434 4436 secum
2477 4380 2582 4435 iter
2628 4379 2881 4451 agebant,
2926 4394 2996 4434 ne
3040 4380 3338 4450 constipati
3387 4390 3444 4435 et
3490 4378 3639 4450 quasi
3684 4386 3781 4428 cum

2246 4472 2508 4538 tumultu,
2536 4471 2633 4527 sed
2654 4471 2889 4542 sparsim
2910 4479 2964 4527 et
2990 4471 3045 4526 in
3071 4472 3232 4528 binos
3255 4474 3423 4529 divisi
3450 4470 3783 4544 ingrediantur

2248 4565 2528 4620 civitates.

2315 4655 2407 4714 IV.
2438 4656 2640 4713 Verum
2664 4657 2775 4730 (55)
2801 4657 2891 4713 ubi
2914 4658 2989 4713 illi
3008 4659 3242 4729 profecti
3271 4667 3426 4721 sunt,
3453 4671 3553 4728 ego
3571 4655 3781 4710 Clemens

2247 4750 2403 4808 valde
2432 4751 2653 4822 gavisus
2696 4766 2818 4806 sum
2891 4752 3036 4822 quod
3079 4767 3164 4806 me
3210 4766 3401 4807 secum
3433 4767 3556 4806 esse
3591 4746 3783 4807 fecit,el

2248 4845 2335 4899 aio
2366 4844 2433 4898 ad
2462 4859 2587 4897 eum
2619 4863 2632 4898 :
2664 4842 2775 4899 Deo
2796 4845 3000 4914 gratias
3032 4859 3154 4914 ago,
3178 4844 3329 4913 quod
3358 4859 3447 4898 me
3470 4857 3576 4897 non
3608 4833 3784 4910 praemi-

561 4948 811 5004 quasque
832 4934 1129 4991 nobiliores
1150 4937 1556 5006 provinciarum
1578 4938 1828 4991 civitates
1849 4937 2133 5008 proposui,
2172 4956 2214 5011 D
2247 4936 2371 4993 sisti
2392 4952 2515 4991 cum
2533 4936 2675 4999 aliis;
2694 4951 2827 4990 nam-
2843 4936 3066 4991 tristitia
3092 4936 3430 4993 interissem.
3446 4936 3581 4989 Tum
3595 4932 3781 4985 Petrus:

565 5027 707 5081 sicut
735 5026 900 5082 etiam
920 5043 1018 5084 vos
1042 5028 1220 5092 scitis,
1246 5030 1419 5084 ternis
1443 5029 1672 5084 docendi
1700 5030 1875 5100 gratia
1900 5030 2143 5086 residere

566 5119 870 5177 mensibus.
922 5120 1078 5176 Nunc
1133 5136 1264 5194 ergo
1312 5120 1661 5186 Laodiciam,
1728 5138 1850 5193 quae
1884 5131 1972 5179 est
2008 5124 2141 5180 urbs

565 5212 836 5282 proxima,
866 5214 1153 5284 praecedite
1202 5229 1317 5282 me,
1370 5222 1425 5270 et
1468 5228 1569 5285 ego
1599 5220 1724 5285 post
1766 5215 1997 5270 biduum
2047 5224 2142 5270 aut

2247 5030 2314 5085 Et
2347 5029 2475 5100 quid
2512 5029 2623 5094 fiet,
2661 5029 2870 5099 inquit,
2914 5029 2962 5084 si
2990 5030 3293 5085 necessitas
3331 5030 3575 5099 exegerit
3602 5022 3784 5078 mittite

2247 5124 2430 5194 aliquo
2454 5124 2716 5179 doctrina:
2745 5122 2947 5194 gratia?
2979 5116 3275 5193 separatus
3293 5137 3326 5175 a
3358 5138 3447 5177 me
3473 5120 3569 5193 pro
3596 5117 3785 5173 utilitate

2247 5216 2535 5272 morieris?
2570 5232 2672 5273 nec
2697 5215 3017 5285 tibimetipsi
3048 5214 3348 5285 imperabis
3393 5213 3536 5270 ferre
3560 5209 3783 5282 patienter

1792 5507 1798 5512 ν
1867 5437 2238 5497 COTELERII
2272 5438 2506 5497 Norae.

645 5579 759 5650 ('53)
806 5580 1020 5645 Verum,
1049 5585 1156 5634 etc.
1181 5575 1583 5650 Praeponuntur
1604 5578 1659 5650 in
1684 5575 1873 5632 codice
1892 5574 1995 5650 PP.
2024 5574 2151 5650 Car:

572 5646 880 5719 mc‘litarum
914 5652 1028 5704 haec
1076 5646 1321 5719 intrusaé
1350 5646 1421 5719 In
1462 5657 1565 5701 act.
1606 5646 1726 5719 [pro
1763 5647 1919 5719 seut]
1971 5647 2149 5719 sancti

578 5715 879 5776 Clementis.
911 5721 1022 5793 Ego
1057 5718 1295 5777 Clemens
1324 5717 1449 5773 dum
1491 5715 1656 5775 essein
1694 5715 1825 5773 cum
1846 5715 2147 5774 beatissimo

2255 5573 2415 5628 Petro
2462 5573 2720 5640 apostolo,
2771 5571 2998 5643 quodam
3044 5572 3127 5626 die
3158 5572 3271 5626 dixi
3296 5572 3375 5627 ad
3413 5585 3573 5643 eum:
3601 5562 3777 5621 Gratias

2253 5663 2351 5728 ago
2384 5644 2515 5728 Rea,
2548 5643 2683 5725 quod
2720 5642 2799 5696 me
2825 5660 2929 5700 non
2949 5645 3222 5713 permittas
3249 5642 3498 5715 separari
3525 5666 3557 5697 α
3587 5650 3658 5705 te;
3681 5643 3774 5689 πω

2251 5725 2474 5773 tristitia
2494 5725 2806 5775 inter-tarem.
