4022 6274
571 299 589 351 1
601 298 705 353 359

1374 295 1432 351 S.
1467 290 1861 351 CLEMENTIS
1898 291 1916 345 l
1959 288 2126 348 ROM.
2152 286 2356 345 ΡΟΝΤ.
2399 286 2627 351 OPERA
2665 287 2894 345 DUBIA.

3655 297 3760 356 1560

568 422 692 462 nam
724 414 867 477 patri
902 415 1087 477 utpote
1126 406 1435 479 propinquo
1480 422 1581 462 suo
1622 413 1678 461 et
1723 420 1831 459 una
1874 404 2143 467 educato,
2178 409 2222 468 Α
2252 401 2417 470 cmpit
2441 440 2457 462 ,
2498 399 2677 455 sicubi
2709 400 2907 470 aliquis
2939 415 3134 456 eorum
3174 401 3399 460 vidisset
3437 412 3525 459 aut
3568 408 3763 466 audisset

568 501 768 557 nobilis
798 500 1023 571 adaeque
1056 501 1278 555 familiae
1311 500 1499 555 Cmsar
1527 501 1645 570 ipse
1672 499 1856 569 junxit
1895 512 2144 562 uxorem,

565 608 633 648 ex
668 608 775 663 qua
813 593 951 649 duos
979 593 1226 665 geminos
1270 601 1396 647 ante
1426 608 1514 646 me
1548 591 1687 645 ﬁlios
1726 592 2002 661 suscepit,
2035 605 2145 643 non

566 685 746 753 valde,
768 693 827 739 ut
856 686 1037 741 aiebat
1056 693 1232 756 pater,
1262 685 1367 740 sibi
1391 684 1625 739 invicem
1648 684 1856 739 similes
1883 682 2018 752 (57),
2045 698 2147 751 ego

566 778 712 830 enim
741 793 838 832 eos
866 794 975 832 non
1007 776 1142 832 adeo
1174 777 1434 834 sciebam.
1467 774 1573 831 Sed
1607 792 1675 829 ne
1705 776 1897 830 matris
1926 775 2146 845 quidem

566 870 722 924 valde
751 885 958 925 memor
992 885 1113 924 sum
1134 911 1149 935 ,
1201 870 1296 924 sed
1330 868 1487 940 quasi
1519 884 1615 939 per
1650 868 1929 923 somnium
1961 867 2034 920 ita
2063 876 2147 920 te-

566 963 747 1016 nuiter
780 963 964 1018 vultus
991 962 1111 1036 ejus
1146 962 1380 1032 speciem
1422 962 1628 1017 recolo.
1658 960 1831 1015 Mater
1859 975 1990 1029 ergo
2025 974 2146 1013 mea

565 1054 872 1116 Matthidia,
899 1063 1051 1125 pater
1072 1052 1462 1109 Faustinianus
1487 1055 1756 1109 vocitatus
1779 1060 1884 1115 est,
1914 1052 2142 1106 fratrum

565 1154 748 1200 autem
776 1163 1018 1201 meorum
1054 1147 1193 1202 alter
1216 1146 1535 1210 Faustinus,
1571 1147 1708 1200 alter
1736 1145 1975 1199 Faustus
2001 1144 2146 1198 dice—

565 1239 725 1292 batur
756 1239 888 1311 (58).
922 1237 1132 1294 Interea
1159 1254 1285 1293 cum
1314 1256 1414 1310 ego
1444 1240 1685 1310 quinque
1718 1237 1939 1293 vixdum
1964 1252 2142 1293 essem

508 1342 517 1351 ‘
564 1339 1056 1399 annorum,mater,
1085 1332 1230 1387 sicut
1251 1348 1281 1385 a
1307 1340 1459 1404 patre
1484 1332 1960 1396 didici,somnium
1987 1332 2139 1397 vidit,

562 1438 672 1492 quo
703 1433 1034 1489 moneretur,
1069 1426 1175 1481 nisi
1207 1441 1333 1480 cum
1363 1426 1578 1481 duobus
1611 1425 1736 1480 filiis
1767 1427 1884 1480 suis
1908 1425 2142 1496 geminis

562 1516 852 1570 confestim
886 1517 1089 1573 Urbem
1119 1518 1314 1574 fuisset
1344 1534 1566 1590 egressa
1597 1527 1652 1572 et
1680 1518 1949 1573 abfuisset
1980 1519 2141 1575 annis

560 1609 768 1672 decem,
804 1610 976 1679 ipsam
1008 1612 1212 1682 pariter
1240 1627 1364 1666 cum
1401 1612 1587 1667 liberis
1618 1612 1845 1666 interitu
1874 1612 2139 1666 exitiabili

559 1701 879 1771 perituram.

629 1793 721 1850 lx.
763 1794 903 1849 Tum
935 1804 1111 1866 pater,
1156 1800 1249 1869 qui
1290 1808 1476 1853 tenere
1508 1798 1763 1868 diligeret
1814 1798 1991 1864 tilios,
2042 1797 2142 1851 ad-

551 1888 760 1957 junctis
799 1889 975 1945 servis
1018 1898 1073 1945 et
1118 1893 1335 1947 ancillis
1366 1907 1431 1946 ac
1459 1892 1771 1963 sumptibus
1803 1892 2139 1948 sufficienter

554 1982 835 2051 praebitis,
878 1984 1004 2037 navi
1048 1984 1334 2054 impositos
1364 2000 1489 2038 cum
1523 1998 1698 2040 matre
1725 1985 1865 2041 filios
1893 1986 2138 2041 Athenas

554 2075 723 2128 mittit
751 2077 1102 2141 erudiendos,
1136 2093 1223 2133 me
1250 2078 1355 2133 sibi
1380 2080 1555 2133 solum
1590 2079 1758 2133 filium
1790 2079 1857 2133 ad
1882 2080 2137 2135 solatium

554 2168 799 2222 retinens
826 2175 881 2223 et
908 2169 963 2223 in
1000 2169 1105 2223 hoc
1132 2170 1354 2242 quidem
1394 2171 1601 2242 gratias
1631 2187 1800 2242 agens
1828 2171 1963 2243 (39),
2006 2174 2135 2243 quia

553 2274 663 2313 non
685 2260 849 2315 etiam
873 2276 959 2316 me
977 2262 1263 2333 imperavit
1285 2264 1557 2319 somnium
1584 2264 1791 2335 pariter
1813 2280 1938 2319 cum
1962 2276 2137 2323 matre

552 2353 856 2410 discedere.
892 2353 1051 2411 Anno
1079 2365 1261 2411 autem
1290 2357 1562 2427 completo
1586 2363 1741 2427 pater
1762 2358 1911 2413 misit
1941 2358 2009 2413 ad
2037 2374 2134 2417 eos

550 2446 793 2503 Athenas
821 2447 1072 2505 homines
1100 2456 1154 2504 et
1194 2458 1480 2520 sumptus.
1538 2450 1681 2506 scire
1711 2450 1875 2505 simul
1905 2453 2132 2523 cupiens

551 2539 682 2610 quid
731 2546 923 2611 agant,
966 2556 1067 2595 nec
1110 2551 1292 2597 tamen
1343 2544 1577 2598 redeunt
1625 2544 1717 2615 qui
1772 2544 1927 2601 missi
1978 2556 2128 2604 sunt.

551 2631 738 2688 Tertio
766 2650 959 2689 rursus
1003 2650 1147 2690 anno
1190 2636 1581 2692 mmstissimus
1612 2646 1766 2708 pater
1793 2639 1959 2693 mittit
1993 2642 2132 2698 alios

550 2740 676 2779 cum
708 2727 956 2797 pecuniis
983 2767 997 2791 ,
1043 2728 1135 2799 qui
1178 2737 1377 2799 quarto
1419 2745 1563 2785 anno
1603 2732 1841 2801 regressi
1872 2734 2131 2788 nuntiant

548 2833 726 2888 neque
747 2826 976 2874 matrem
998 2836 1057 2875 se
1088 2836 1266 2891 neque
1297 2821 1496 2879 fratres
1531 2823 1767 2891 vidisse,
1812 2826 1909 2881 sed
1948 2843 2130 2898 neque

547 2911 791 2967 Athenas
806 2928 901 2967 eos
922 2914 1145 2967 omnino
1164 2914 1499 2984 pervenisse,
1518 2930 1694 2986 neque
1712 2930 1944 2988 usquam
1966 2920 2131 2975 alicu-

548 3003 636 3072 ius
659 3006 848 3059 saltem
862 3007 1094 3076 quicum
1116 3008 1249 3077 ipsis
1273 3006 1489 3062 fuerant
1509 3009 1802 3079 vestigium
1819 3022 2096 3082 repertum
2109 3056 2124 3069 .

2250 492 2542 562 aliquando
2568 500 2693 546 ante
2725 502 2965 563 quatuor
2988 509 3163 549 annos
3192 510 3394 566 corpus
3422 500 3648 555 mulieris
3670 518 3764 560 cum

2248 585 2463 641 duobus
2489 586 2732 654 parvulis
2751 586 3009 655 ejectum.
3027 586 3163 641 Cum
3191 588 3346 641 multi
3369 591 3528 644 multa
3550 593 3764 662 dicereut,

2247 694 2347 732 nec
2394 678 2601 748 aliquid
2642 679 2811 733 nobis
2854 680 2961 732 rati
2994 680 3329 735 elucesceret
3358 690 3464 735 tam
3498 684 3766 744 immensum

2246 770 2471 841 pelagus
2515 771 2996 840 perscrutautibus
3017 812 3031 836 ,
3075 787 3175 842 pre
3212 773 3383 826 multo
3416 782 3583 830 tamen
3614 779 3765 834 affectu

2247 870 2401 932 pater
2445 880 2608 934 quem
2656 880 2788 935 erga
2836 880 2967 920 suos
3000 866 3262 935 gerebat,
3309 869 3615 937 pascebatur
3650 874 3766 928 vanis

2247 957 2472 1026 spebus.
2507 956 2682 1012 donec
2717 958 2897 1012 visum
2929 969 3014 1013 est
3055 960 3127 1024 ei,
3164 968 3224 1013 ut
3253 975 3340 1017 me
3371 964 3470 1016 sub
3498 973 3763 1031 procurato-

2246 1050 2400 1104 ribus
2430 1050 2744 1105 ordinatum
2774 1050 2962 1107 Romae
2995 1053 3368 1123 relinqueret,
3402 1069 3646 1110 annorum
3671 1073 3764 1113 cum

2245 1158 2423 1198 essem
2455 1143 2776 1209 duodecim,
2812 1153 2865 1200 et
2897 1145 3012 1214 ipse
3041 1153 3293 1216 pergeret
3315 1144 3383 1200 ad
3414 1148 3762 1217 requirendum.

2246 1235 2408 1292 Flens
2440 1237 2627 1307 itaque
2658 1237 2943 1292 descendit
2975 1238 3040 1291 ad
3071 1245 3290 1307 portum
3319 1277 3335 1304 ,
3369 1246 3420 1294 et
3457 1254 3631 1295 navem
3662 1257 3762 1297 con-

2245 1330 2516 1387 scendens
2545 1330 2828 1401 profectus
2862 1340 2965 1385 est.
3008 1330 3085 1383 Ex
3116 1346 3181 1387 eo
3216 1346 3390 1401 usque
3414 1331 3466 1385 in
3500 1332 3760 1387 hodiernum

2244 1440 2423 1495 neque
2470 1426 2682 1480 litteras
2728 1424 2849 1494 ejus
2882 1426 3096 1494 accepi,
3140 1440 3318 1495 neque
3348 1426 3392 1480 si
3422 1425 3560 1479 vivat
3587 1435 3666 1480 aut
3694 1425 3762 1481 de-

2245 1516 2468 1573 functus
2499 1518 2571 1572 sit
2602 1517 2749 1572 novi.
2802 1516 2908 1571 Sed
2940 1518 3113 1587 magis
3149 1519 3421 1587 suspicor.
3464 1519 3582 1588 quia
3605 1527 3650 1573 et
3678 1519 3771 1597 ipse

2242 1612 2441 1667 obierit
2488 1619 2581 1665 aut
2648 1611 2872 1666 tristitia
2924 1611 3103 1665 victus
3157 1619 3253 1665 aut
3304 1612 3610 1683 naufragio;
3667 1612 3757 1664 atmi

2242 1706 2443 1760 etenim
2481 1703 2674 1775 viginti
2708 1704 2876 1773 elapsi
2909 1714 3039 1759 sunt
3070 1704 3275 1774 quibus
3311 1705 3425 1760 haec
3452 1716 3700 1776 geruntur,
3722 1714 3758 1758 et

2242 1813 2312 1853 ne
2335 1798 2563 1852 nuntius
2591 1796 2811 1867 quidem
2838 1796 2907 1852 de
2936 1812 3002 1851 eo
3032 1798 3098 1851 ad
3133 1813 3219 1853 me
3248 1798 3449 1868 aliquis
3486 1798 3635 1853 venit.

2309 1889 2402 1947 XI.
2441 1890 2639 1945 Petrus
2664 1891 2779 1945 haec
2800 1888 3027 1945 audiens
3050 1906 3117 1946 ex
3138 1891 3337 1947 aflectu
3366 1892 3618 1963 lacrymas
3640 1889 3759 1953 fudit,

2237 1992 2291 2039 et
2322 1982 2390 2037 ad
2433 1997 2528 2038 eos
2577 1982 2672 2053 qui
2718 1981 2945 2037 aderant
2979 1983 3279 2040 familiares
3310 1984 3385 2039 ait
3415 2003 3429 2039 :
3458 1983 3574 2039 Haec
3601 1982 3643 2039 si
3668 1985 3761 2054 quis

2237 2076 2293 2130 in
2329 2075 2424 2132 Dei
2466 2076 2619 2131 cultu
2647 2075 2862 2147 positus
2898 2076 3217 2145 pertulisset
3247 2092 3373 2147 qua:
3400 2076 3557 2147 hujus
3586 2077 3761 2148 pertulit

2236 2179 2408 2239 pater,
2454 2169 2646 2224 statim
2677 2168 2929 2224 homines
2960 2169 3212 2239 religioni
3256 2170 3585 2226 ascriberent
3606 2184 3761 2223 aerum-

2236 2278 2431 2317 narum
2468 2276 2728 2330 causam;
2762 2277 2883 2333 qua:
2910 2277 3035 2316 cum
3062 2262 3325 2318 accidunt
3350 2265 3557 2319 miseris
3587 2262 3752 2334 gentili.

2233 2356 2362 2423 bus,
2384 2355 2657 2409 malorum
2680 2370 2905 2409 causam
2926 2353 3039 2409 fato
3059 2354 3371 2412 ascribunt.
3397 2356 3607 2411 Miseros
3620 2362 3759 2409 autem

2233 2449 2358 2504 dico
2383 2464 2501 2514 eos,
2530 2448 2659 2519 quia
2701 2454 2757 2502 et
2800 2447 2888 2503 hic
2924 2456 3191 2503 vexantur
3226 2450 3507 2505 erroribus
3531 2458 3581 2504 et
3608 2450 3664 2502 ab
3688 2462 3759 2516 spe

2234 2541 2419 2597 futura
2442 2541 2806 2609 fraudantur;
2834 2539 2930 2595 Dei
2953 2541 3196 2597 cultores
3220 2557 3350 2596 cum
3371 2542 3483 2597 haec
3508 2542 3753 2612 patiuntur,

2232 2637 2303 2691 ad
2333 2637 2711 2707 purgationeln
2742 2642 3090 2706 peccatorum
3126 2635 3277 2691 cedit
3307 2637 3418 2704 eis,
3456 2636 3592 2706 quod
3617 2632 3757 2704 perfe-

2231 2737 2361 2783 runt
2392 2729 2682 2801 patienter.

2302 2820 2414 2878 XII.
2455 2821 2586 2876 Post
2624 2820 2739 2874 haec
2775 2819 2921 2873 dicta
2955 2835 3098 2876 unus
3126 2835 3194 2875 ex
3241 2823 3545 2878 astantibus
3582 2821 3751 2876 Petrum

2228 2932 2419 2989 rogare
2455 2916 2621 2985 coapit
2644 2953 2660 2979 ,
2695 2921 2752 2968 ut
2781 2913 2869 2967 die
2900 2914 3141 2969 crastina
3172 2916 3446 2971 maturius
3473 2915 3535 2970 ad
3567 2914 3753 2968 insulam

2228 3011 2530 3082 proximam
2582 3022 2703 3078 quae
2754 3023 2851 3062 sex
2900 3021 3011 3060 non
3057 3008 3297 3078 amplius
3342 3009 3532 3065 stadiis
3568 3008 3751 3067 aberat,

620 3097 689 3153 Χ.
729 3098 889 3153 Pater
916 3100 1029 3153 huic
1059 3100 1287 3154 audiens
1315 3107 1369 3154 et
1399 3100 1568 3152 multa
1600 3101 1825 3155 tristitia
1862 3103 2126 3174 obstupeo
2153 3121 2196 3181 ο
2227 3104 2465 3159 Aradum
2491 3101 2712 3157 nomine
2750 3100 2890 3169 (40),
2941 3114 3299 3171 pergeremus
3320 3144 3334 3170 ,
3384 3102 3590 3159 videndi
3625 3101 3671 3155 iu
3706 3112 3753 3151 ea

550 3192 747 3258 factus,
774 3193 1027 3258 nesciens
1057 3209 1166 3263 quo
1196 3192 1442 3246 tenderet
1465 3203 1559 3246 aut
1582 3194 1674 3248 ubi
1699 3203 1989 3264 quaereret,
2015 3213 2125 3254 una

548 3302 760 3343 mecum
802 3287 1081 3342 descendit
1101 3286 1168 3339 ad
1210 3293 1451 3355 portum,
1482 3293 1535 3339 et
1566 3289 1848 3357 requirere
1878 3305 1909 3344 a
1942 3294 2126 3351 nautis

2232 3199 2409 3271 gratia
2438 3196 2635 3250 mirum
2658 3192 2877 3263 aliquod
2908 3206 3066 3261 opus,
3099 3194 3388 3252 columnas
3409 3196 3571 3251 viteas
3596 3190 3758 3262 magni-

2230 3290 2440 3348 tudinis
2470 3289 2748 3343 immensa:
2782 3284 2914 3356 (41).
2946 3283 3044 3338 Cui
3077 3284 3297 3352 Petrus,
3338 3297 3398 3342 ut
3428 3295 3539 3343 erat
3563 3286 3755 3341 clemen-

1858 3406 2228 3468 COTELEBII
2265 3405 2495 3465 NOTAE;

549 3536 701 3590 nium
736 3535 910 3605 magis
940 3536 1229 3607 resipiunt,
1258 3551 1422 3607 quam
1454 3538 1758 3596 Caesaream
1788 3540 2123 3600 Romanam-

548 3622 655 3681 que
685 3608 1057 3681 nobilitatem,
1109 3607 1216 3661 nisi
1256 3623 1361 3681 _ego
1400 3608 1581 3667 fallor.
1627 3611 1852 3669 Fundus
1899 3615 2118 3681 fabulae,

550 3678 769 3732 Flavius
799 3677 1050 3750 Clemens
1076 3678 1272 3750 consul
1298 3681 1558 3747 patruelis
1586 3681 1898 3750 Domitiani,
1917 3677 2125 3742 nemini

552 3764 659 3822 non
692 3754 876 3802 notus.
910 3748 1009 3803 Cui
1042 3747 1087 3802 si
1115 3747 1366 3822 Clemeus
1396 3760 1584 3822 noster
1607 3768 1804 3822 genere
1848 3747 1951 3810 fuit
1992 3773 2129 3812 con-

545 3819 792 3888 junctus,
829 3826 1093 3888 cognatus
1141 3826 1257 3874 erat
1304 3819 1629 3885 Domitiani,
1650 3838 1761 3879 non
1808 3825 2032 3881 Timr-ii.
2066 3829 2127 3883 ln

548 3890 828 3964 Bernardo
862 3889 1033 3945 Serm.
1066 3891 1130 3964 de
1152 3888 1457 3964 Clemente:
1484 3892 1770 3964 Acceperat
1798 3896 1866 3952 Β.
1885 3896 2127 3955 Clemens

550 3959 723 4015 nobile
745 3977 927 4032 genus,
965 3962 1170 4030 amplas
1196 3963 1574 4032 possessiones,
1598 3959 1705 4020 etc.

623 4029 905 4109 (ὅξῖγΝοῃ
928 4032 1078 4109 ualde
1108 4029 1208 4086 sibi
1250 4035 1467 4088 invicem
1496 4035 1740 4109 similest
1760 4036 1921 4109 Nulla
1946 4038 2125 4094 varie-

551 4100 640 4157 tas
684 4100 738 4176 iit
784 4100 1063 4176 codicibus
1103 4116 1268 4176 manu
1302 4106 1565 4165 exaratis.
1600 4106 1744 4176 quod
1786 4107 1983 4162 mirum
2015 4118 2121 4175 est,

547 4171 874 4245 cumGrazca
910 4169 1352 4245 Clementinorum
1389 4190 1455 4230 ac
1482 4169 1755 4245 Epitomes
1788 4169 2121 4234 contrarium

546 4243 708 4313 plane
743 4241 1012 4309 habeant;
1053 4249 1114 4318 _et
1159 4243 1376 4318 quidem
1414 4260 1480 4299 eo
1511 4241 1867 4318 probabilius,
1895 4264 2005 4318 quo
2036 4265 2124 4304 res

546 4312 632 4367 est
683 4319 984 4365 memoratu
1031 4312 1269 4389 _dignior,
1310 4312 1839 4385 magna—similitudo
1866 4312 2127 4389 gemello-

532 4388 689 4444 rum,
724 4396 885 4451 quant
918 4382 1155 4451 paulula.

617 4453 730 4522 (38)
769 4451 931 4504 Pater
978 4451 1361 4527 Iv'austininnus
1412 4463 1668 4527 coartatus
1706 4465 1785 4510 est
1827 4471 1845 4509 :
1891 4456 2121 4527 fratrum

2227 3546 2359 3599 tiam
2387 3558 2418 3596 a
2452 3539 2722 3596 Strabone
2743 3547 3010 3603 notatam,
3028 3540 3220 3611 viginti
3251 3537 3700 3607 stadiorum.Quid
3718 3537 3752 3592 si

2230 3615 2461 3669 Rufinus
2494 3610 3212 3682 loci.ambitum,qtti_juxta
3246 3613 3400 3668 illum
3438 3612 3752 3682 geograplnzm

2228 3698 2283 3741 et
2308 3684 2545 3754 Plinium
2578 3690 2781 3754 septem
2814 3688 2897 3754 est
2932 3680 3256 3754 stadiorum,
3287 3701 3387 3754 pro
3415 3680 3649 3754 distantia
3681 3694 3751 3732 ac-

2229 3754 2475 3825 ceperit?
2506 3750 2656 3825 _Jam‘
2678 3750 2853 3825 _Aradi
2885 3759 2938 3804 et
2964 3750 3230 3825 Antaradi
3261 3750 3425 3825 v'oces
3462 3752 3752 3825 librariorum

2228 3821 2362 3882 vitio
2390 3822 2649 3894 confusas
2678 3823 2847 3877 habes
2872 3836 2982 3876 non
3010 3824 3186 3877 solum
3212 3824 3268 3878 in
3292 3824 3644 3894 hisOperibus
3661 3821 3753 3894 Cic-

2228 3895 2396 3952 menti
2431 3893 2753 3966 suppositis,
2786 3894 2879 3947 sed
2902 3902 2968 3966 et
2995 3893 3149 3966 alibi,
3180 3897 3416 3966 utgapud
3443 3889 3657 3966 Plinium
3680 3889 3748 3942 lib.

2227 3984 2281 4029 v,
2315 3981 2433 4090 cap.
2465 3963 2563 4031 20;
2595 3972 2649 4018 et
2679 3964 2735 4016 in
2758 3963 2991 4017 concilio
3018 3963 3479 4045 Ch.ilcedonensi,
3514 3965 3596 4019 ubi
3636 3974 3752 4043 repe-

2227 4038 2337 4090 ries
2426 4036 2609 4089 aulum
2659 4034 2821 4089 modo
2866 4033 3053 4090 Aradi.
3091 4036 3251 4089 modo
3301 4036 3752 4090 Antaradiemsco—

2226 4038 2337 4092 ries
2380 4033 2609 4090 Paulum
2659 4034 2821 4089 modo
2866 4033 3053 4097 Aradi,
3091 4036 3251 4089 modo
3301 4036 3556 4091 Antaradi
3582 4033 3752 4103 episco-

2228 4123 2391 4177 pum;
2423 4103 2773 4177 cum_ibidem
2801 4104 3106 4159 Alexander
3145 4104 3413 4161 Antaradi
3442 4106 3650 4177 antistes
3671 4114 3754 4177 me-

2229 4170 2491 4233 inorelur.
2530 4174 2682 4229 Tolle
2724 4190 2873 4238 vero,
2905 4190 3132 4230 suasore
3166 4192 3272 4240 me,
3304 4178 3414 4232 duo
3445 4176 3623 4231 menda
3656 4170 3751 4225 :al-

2224 4256 2400 4303 terum
2448 4262 2516 4302 ex
2567 4245 2824 4315 Anselmo
2866 4245 3136 4315 monacho
3164 4246 3218 4299 in
3256 4246 3605 4315 Descriptione
3630 4252 3751 4315 terra!

2228 4329 2450 4380 sanctw,
2484 4325 2617 4369 tom.
2650 4313 2719 4368 Vl
2752 4311 2995 4381 Antiqua:
3026 4313 3257 4369 lectionis
3311 4310 3528 4373 Henriei
3551 4310 3748 4371 Canisii:

2226 4387 2305 4442 De
2334 4387 2577 4457 Arathas
2595 4382 3430 4457 (imo_Marathos,Geographias
3457 4387 3753 4455 vide),usqtte

2227 4459 2280 4511 in
2311 4456 2670 4511 Ant/teradum
2725 4455 2826 4526 (in
2856 4470 3044 4526 marg.
3063 4455 3393 4526 Anteradum
3434 4460 3534 4511 sive
3560 4458 3750 4526 Antam-

547 4507 726 4599 auiem'
752 4538 1007 4599 meorum,
1042 4531 1147 4599 etc.
1172 4523 1656 4599 _Er.__similitudine
1682 4507 1961 4599 nomintim
2009 4533 2121 4584 ori-
2157 4507 2197 4558 ί)
2226 4529 2374 4599 dum)
2412 4536 2533 4582 sunt
2558 4537 2676 4599 octo
2706 4507 2895 4599 leuare,
2912 4507 3009 4577 ubi
3024 4525 3097 4599 Β,
3113 4525 3302 4582 Petrus
3323 4521 3751 4599 pra'dicauit,_dum

545 4596 739 4670 ginem“
759 4594 1012 4662 .sumpsit
1048 4594 1452 4670 dissimilitudo
1480 4601 1901 4670 scripturarum.
1938 4598 2123 4670 Siqui-

545 4662 667 4737 dem
701 4662 906 4737 Graece,
934 4671 992 4716 ut
1021 4672 1074 4717 et
1104 4664 1242 4737 apud
1271 4662 1656 4735 Nicephorum,
1686 4668 1943 4737 Φαῦστος,
1975 4662 2119 4724 oau-

546 4736 722 4807 aciuug
749 4745 803 4788 ct
830 4735 1211 4807 titubatum:vi
1246 4746 1371 4789 sunt
1405 4745 1557 4807 pater
1589 4754 1712 4791 cum
1742 4735 1956 4794 duobus
1986 4742 2123 4796 libe-

547 4806 622 4878 [is
649 4803 837 4878 Niceta
866 4811 920 4858 et
947 4803 1862 4878 Aquila.Tantum'Clementinorum
1892 4813 2117 4878 21:11,“,

546 4874 798 4950 Faustini
840 4890 1038 4950 nomen
1077 4876 1284 4945 Aquilae
1311 4878 1500 4945 datur;
1530 4879 1766 4950 itemque
1794 4880 1848 4935 in
1884 4874 2121 4950 pseddo;

543 4944 740 5020 Abdia.
772 4944 860 5020 At‘
886 4944 1118 5020 Rufinus
1148 4944 1418 5015 interpres
1460 4944 1708 5020 fictilium
1741 4944 2119 5020 gradationem

546 5016 882 5089 invertit,_ab
911 5016 1246 5089 incremento
1256 5034 1467 5089 _nempe
1496 5020 1563 5074 ad
1591 5016 2015 5089 decreinentum,
2040 5024 2118 5078 fa-

546 5089 740 5144 ciendo
781 5086 1221 5148 Faustinianum.
1255 5085 1599 5151 Faustinum,
1650 5100 1704 5144 et
1758 5085 2017 5148 Faustum
2052 5110 2119 5148 ex

546 5157 770 5233 Fausto,
798 5156 1062 5213 Faustino
1088 5168 1142 5213 et
1167 5157 1547 5233 Faustiniano.
1576 5160 1820 5233 Denique
1846 5171 1998 5233 pater
2022 5165 2120 5218 Ce-

545 5232 757 5293 dreno,
818 5238 982 5299 atque
1032 5230 1299 5301 mpnacho
1356 5229 1805 5287 Altissiodorensi
1846 5229 2115 5301 scriptori

544 5298 1328 5376 Chronologiae__est_Faustus,
1367 5303 1577 5376 auctori
1619 5300 1768 5357 Libri
1791 5298 2114 5376 pontificalis

545 5382 599 5428 et
644 5372 781 5427 falso
826 5370 1013 5426 Abdiae
1043 5370 1370 5437 Faustinus;
1402 5370 1644 5428 Nicetam
1676 5370 1803 5427 vero
1842 5370 1984 5428 idem
2016 5390 2119 5427 nn-

548 5452 735 5513 postor
759 5440 1022 5513 Faustum
1053 5443 1307 5513 appellat.

619 5516 729 5587 (39)
751 5512 983 5597 ~Gratias
1016 5531 1193 5584 agens.
1220 5512 1478 5586 Legebat,
1515 5513 1869 5586 εὐχαριστῶν,
1896 5530 1997 5585 pro
2026 5513 2117 5568 εὐ-

582 5602 806 5639 αοιστω.

546 5602 806 5656 χαριστω.

564 5721 589 5725 Α
620 5656 730 5723 MO)
772 5656 1014 5712 Insulam
1043 5657 1361 5725 proximam.
1393 5700 1405 5711 .
1441 5698 1455 5712 .
1492 5697 1505 5711 .
1543 5655 1778 5709 Aradum
1802 5657 2027 5711 nomine.
2059 5655 2116 5709 In

548 5721 891 5779 Clementinis
943 5745 1007 5782 ac
1043 5721 1297 5798 'lipitome
1330 5729 1522 5781 abesse
1548 5727 1747 5781 dicitur
1776 5727 1969 5782 stadiis
2014 5727 2114 5779 tri-

548 5800 696 5870 ginta
747 5814 855 5851 non
906 5799 1035 5851 totis
1068 5817 1081 5852 :
1121 5798 1265 5866 quod
1299 5800 1523 5868 propius
1560 5799 1766 5850 accedit
1801 5798 1866 5851 ad
1906 5798 2116 5853 distan-

2223 4600 2322 4653 iret
2357 4594 2718 4669 Antiochiam;
2753 4595 2901 4649 aliud
2928 4612 2993 4649 ex
3016 4594 3578 4669 Atltaiiasio'Epistola
3599 4594 3742 4669 ad_so-

2224 4669 2474 4740 litariam
2503 4668 2674 4740 vitam
2693 4673 2935 4740 agentes,
2975 4682 3035 4740 _p.
3056 4666 3204 4740 >812.
3231 4662 3511 4740 Κυμάίτιος
3538 4669 3565 4720 ὁ
3595 4668 3644 4740 tu
3666 4662 3749 4715 Τα-

2224 4740 2389 4811 ράδῳ,
2424 4739 2514 4811 ubi
2537 4736 3026 4811 corrigi‘malotév
3046 4738 3281 4811 Ἀράδῳ,
3313 4736 3477 4810 quam
3511 4741 3579 4811 ὲνΔ
3605 4736 3752 4811 Ἀντας

2409 4810 2537 4879 quia
2559 4806 2899 4892 in‘Apol‘ogi‘a
2928 4808 3014 4892 de.
3033 4806 3158 4892 fuga
3190 4806 3313 4892 sua,
3331 4806 3448 4891 non
3478 4806 3749 4892 multo

2219 4876 2442 5005 Eritium
2487 4876 2713 4933 sanctus
2758 4876 2949 4931 doctor
2985 4876 3245 4935 Ant'aradi
3291 4876 3603 4951 episcopum
3650 4876 3750 4927 facit

2269 4959 2551 5005 arteriam.

2269 4951 2551 5005 arteriam.

2294 5021 2408 5093 (41)
2449 5019 2738 5093 Columnas
2771 5017 2936 5093 _viteus
2966 5022 3350 5093 magnitudinis
3378 5011 3749 5093 immensQHSic

2221 5084 2509 5161 legendum
2554 5091 2719 5145 etiam
2772 5084 3075 5161 inﬂAbdia;
3102 5108 3168 5147 ex
3200 5094 3404 5148 Graecis
3457 5100 3509 5147 et
3538 5106 3598 5144 ex
3622 5084 3750 5139 Nice-

2220 5160 2403 5233 phoro
2427 5162 2521 5216 lib.
2551 5175 2612 5225 ιι,
2642 5174 2765 5233 cap.
2794 5160 2863 5214 55
2897 5178 2910 5214 :
2957 5160 3098 5215 Vites
3121 5162 3245 5231 jure
3278 5163 3421 5233 apud
3452 5162 3750 5233 priscoamaj

2218 5222 2493 5303 @nitudine
2519 5222 2727 5301 quoque
2748 5230 2891 5303 i_nter_
2928 5222 3141 5303 arbores
3178 5222 3602 5303 numerabantur.
3627 5222 3746 5303 _Jot'is

2220 5297 2566 5356 simulacrum
2594 5297 2648 5354 in
2688 5299 2814 5352 urbe
2853 5300 3151 5370 Populonia
3181 5320 3247 5358 ea:
3277 5320 3386 5357 una
3421 5297 3743 5370 conspicimus.

2222 5382 2299 5427 tot
2328 5375 2452 5427 mvis
2484 5374 2881 5443 incorruptum;
2906 5361 3037 5425 item
3085 5375 3347 5429 Massilia!
3384 5361 3631 5443 pateram.
3657 5361 3746 5443 υς·

2221 5445 2424 5513 taponti
2459 5439 2977 5513 templumﬂJunonis
3016 5445 3275 5513 ritigineis
3321 5439 3571 5499 columnis
3613 5439 3742 5513 stetit

2221 5462 2423 5513 taponu
2459 5462 2705 5510 templum
2748 5462 2977 5495 Junoms
3016 5462 3107 5498 rm
3148 5462 3275 5500 meis
3321 5462 3571 5499 corumms
3613 5462 3742 5491 smu-

2221 5512 2403 5567 Etiam
2433 5529 2568 5585 nunc
2605 5512 2764 5567 scalis
2796 5522 2986 5585 tectum
3029 5462 3267 5585 Epzesiw
3296 5515 3487 5569 Diana:
3513 5506 3744 5585 scanditur

2219 5585 2319 5637 vite
2344 5600 2451 5656 una
2471 5582 2693 5656 _Cypria,
2713 5590 2769 5634 ut
2795 5583 2991 5656 ferunt,
3009 5581 3256 5656 quoniam
3280 5586 3355 5639 ibi
3379 5586 3448 5639 ad
3468 5581 3740 5656 prterier

2220 5650 2619 5723 amplitudinem
2649 5650 2858 5708 exeunt.
2896 5650 3069 5711 Verba
3099 5656 3258 5711 Plinii
3286 5657 3381 5711 lib.
3412 5650 3518 5719 χήν,
3542 5669 3587 5707 c.
3614 5650 3739 5723 M19“

2219 5734 2273 5778 et
2290 5730 2512 5851 ιξειβςιῑιιι·
2541 5728 2632 5780 lib.
2668 5739 2779 5790 xvr,
2814 5740 2935 5796 cap.
2973 5728 3059 5782 40.
3081 5727 3212 5784 Vide
3238 5744 3362 5783 mox
3396 5727 3529 5783 infra
3558 5735 3661 5793 cap.

2220 5813 2283 5850 su
2371 5813 2443 5851 in.

2220 5799 2320 5851 sub
2354 5799 2443 5853 lin.
