4022 6274
322 351 446 407 1561

1498 341 2064 398 BECOGNITIONUM
2103 342 2228 397 LIB.
2267 342 2377 398 VII.

3423 348 3559 405 456‘!

316 462 591 526 tissimus,
636 460 952 531 acquiescit,
986 456 1083 513 sed
1128 457 1338 511 monuit
1383 472 1504 522 nos,
1536 473 1660 513 cum
1692 472 1884 511 navem
1914 465 1958 519 Α
1988 458 2130 513 alius
2162 473 2292 513 sane
2352 457 2492 511 ﬁlius
2526 464 2797 527 quatenus
2844 456 3003 527 patrii
3043 464 3295 513 mane-ret
3316 459 3384 514 ad
3414 460 3559 514 sola-

316 554 825 615 descendissemus,
853 564 962 604 non
990 563 1097 604 una
1128 563 1319 604 omnes
1350 563 1681 604 concurrere
1710 548 1777 603 ad
1810 548 1891 602 vi-

316 646 597 712 dendum;
649 643 776 698 nolo
822 642 992 706 enim,
1046 640 1245 711 inquit,
1278 642 1455 695 notari
1489 655 1586 696 vos
1629 655 1659 694 a
1709 640 1887 696 turba.

316 738 457 794 Cum
491 753 618 808 ergo
646 736 734 790 die
765 742 983 805 postera
1022 733 1147 787 navi
1178 734 1281 788 sub
1309 742 1585 788 momento
1624 734 1771 787 horae
1799 749 1891 788 ve-

317 832 589 886 nissemus
633 827 699 881 ad
748 827 1011 888 insulam,
1057 825 1321 880 continuo
1354 825 1421 879 ad
1467 826 1645 879 locum
1687 825 1742 878 in
1780 839 1890 894 quo

314 932 471 978 erant
492 921 756 976 columna:
780 919 1080 981 mirabiles,
1113 932 1493 987 properamus.
1517 916 1686 971 Erant
1706 926 1889 971 autem

318 1015 374 1068 in
402 1013 513 1069 aede
541 1012 776 1083 quadam
818 1010 1027 1081 positae,
1080 1010 1135 1063 in
1183 1023 1290 1079 qua
1337 1008 1543 1063 Phidiae
1571 1023 1737 1078 opera
1768 1023 1890 1077 per-

315 1104 603 1176 magniﬁca
635 1105 997 1167 habebantur,
1038 1103 1238 1172 quibus
1268 1102 1479 1159 intento
1509 1101 1889 1171 unusquisque

312 1205 562 1253 nostrum
593 1196 937 1252 detinebatur
968 1202 1212 1264 aspectu.

383 1310 523 1365 XIII.
564 1309 759 1365 Petrus
782 1324 912 1365 vero
942 1309 1033 1363 ubi
1063 1309 1209 1364 solas
1236 1309 1520 1365 columnas
1548 1310 1780 1364 miratus
1803 1317 1887 1363 est

311 1405 517 1467 viteas,
551 1419 891 1474 nequaquam
921 1411 1110 1473 raptus
1143 1403 1368 1472 pictura:
1397 1403 1593 1473 gratia,
1632 1418 1886 1473 egressus

312 1496 447 1550 vidit
479 1512 576 1566 pro
618 1496 821 1551 foribus
858 1495 1231 1549 mulierculam
1264 1495 1556 1565 quamdam
1596 1493 1789 1563 stipem
1820 1494 1887 1547 ah

314 1588 717 1642 introeuntibus
750 1588 1171 1658 deposcentem;
1220 1602 1381 1656 quam
1414 1590 1674 1642 attentius
1705 1588 1887 1641 consi-

312 1680 514 1736 derans
542 1680 617 1733 ait
650 1700 663 1735 :
695 1679 1207 1750 Dic,mulier,quod
1240 1680 1332 1733 tibi
1360 1680 1661 1734 membrum
1692 1694 1887 1749 corpo-

310 1774 390 1828 ris
419 1772 590 1836 deest,
620 1774 764 1844 quod
798 1774 925 1828 huic
958 1784 1011 1829 te
1040 1773 1255 1843 injuriae
1286 1772 1569 1841 subjecisti
1597 1782 1653 1827 ut
1689 1773 1882 1843 stipem

308 1873 487 1934 petas,
519 1872 573 1920 et
603 1881 712 1920 non
742 1866 924 1937 potius
955 1867 1206 1921 manibus
1230 1866 1340 1921 tuis
1363 1881 1500 1936 quas
1527 1882 1557 1919 a
1586 1865 1697 1921 Deo
1726 1881 1884 1922 acce-

309 1957 440 2025 pisti
471 1972 708 2027 operans
740 1958 920 2013 cibum
951 1958 1206 2029 quaeras?
1235 1958 1307 2012 At
1332 1959 1424 2013 illa
1455 1961 1741 2031 suspirans
1771 1963 1878 2017 ait:

310 2047 534 2102 Utinam
583 2050 714 2105 mihi
764 2050 984 2121 quidem
1033 2058 1217 2106 essent
1268 2066 1463 2106 manus
1513 2068 1633 2122 quae
1680 2056 1883 2111 moveri

308 2147 575 2211 possent,
618 2156 765 2197 nunc
811 2149 991 2196 autem
1033 2144 1244 2212 species
1291 2150 1505 2197 tantum
1555 2154 1770 2199 servata
1800 2154 1884 2202 est

308 2247 593 2298 manuum,
620 2249 745 2288 nam
765 2234 895 2304 ipsa:
915 2242 1044 2289 sunt
1064 2242 1348 2298 emortum,
1373 2242 1428 2290 et
1452 2236 1589 2291 meis
1609 2237 1883 2294 morsibus

305 2323 512 2379 debiles
542 2332 595 2379 et
625 2326 745 2381 sine
776 2342 943 2382 sensu
976 2326 1220 2382 reddit-.e.
1254 2325 1320 2380 Et
1352 2326 1543 2383 Petrus
1571 2346 1583 2381 :
1612 2328 1762 2395 Quae,
1798 2329 1886 2384 in-

303 2416 442 2485 quit,
483 2414 584 2471 fuit
614 2432 803 2481 causa,
829 2426 887 2472 ut
916 2417 1019 2471 hoc
1070 2417 1167 2472 tibi
1197 2425 1409 2472 tantum
1441 2417 1565 2471 mali
1603 2419 1720 2489 ipsa
1752 2436 1883 2476 con-

304 2505 522 2562 ferres?
569 2505 827 2579 Ignavia,
880 2510 1091 2579 inquit,
1135 2525 1235 2565 nec
1263 2509 1410 2565 aliud
1449 2511 1784 2581 quidquam;
1836 2517 1880 2569 si

303 2598 448 2652 enim
482 2599 676 2656 fuisset
705 2601 761 2654 in
787 2617 873 2654 me
902 2600 1106 2672 aliquid
1134 2602 1375 2667 virtutis,
1404 2603 1553 2671 potui
1578 2604 1662 2657 vel
1691 2607 1881 2674 ρι’ωοί-

305 2691 441 2760 pitio
472 2693 551 2745 uti
592 2693 676 2748 vel
715 2692 988 2762 profundo
1026 2695 1198 2748 maris
1228 2692 1453 2763 injicere
1480 2695 1879 2765 memetipsam,

304 2788 359 2836 et
398 2782 555 2836 ﬁnem
587 2783 719 2839 dare
749 2784 1032 2840 doloribus
1060 2784 1217 2840 meis.

376 2904 516 2960 XIV.
543 2904 681 2961 Tum
704 2896 925 2967 Petrus:
944 2909 1149 2981 Ecquid
1173 2919 1355 2981 putas,
1378 2911 1475 2976 ait,
1500 2912 1718 2979 mulier,
1737 2915 1881 2983 quod

304 2997 400 3067 qui
433 2998 758 3067 semetipsos
802 3002 1113 3070 perimunt,
1156 3022 1185 3057 a
1216 3005 1501 3074 suppliciis
1533 3006 1884 3063 liberantur?

304 3090 416 3145 nisi
440 3090 568 3160 quia
602 3090 899 3158 majoribus
929 3095 1213 3162 subjacent
1254 3098 1432 3165 pmnis
1468 3099 1663 3154 animae
1689 3116 1878 3155 eorum

303 3184 400 3252 qui
434 3184 538 3238 sibi
583 3182 719 3253 ipsis
764 3184 1048 3240 intulerint
1091 3203 1304 3242 manus.
1353 3188 1423 3242 At
1457 3191 1586 3246 illa:
1620 3191 1837 3247 Utinam
1862 3233 1878 3257 ,

1991 551 2151 614 tium,
2179 548 2432 619 cogitavi.

2064 641 2199 697 XVI.
2238 640 2344 697 Sed
2405 648 2466 695 ut
2524 640 2641 696 haec
2675 641 2748 695 ita
2809 640 2925 698 ﬁeri
2982 651 3227 713 possent,
3283 645 3555 700 somnium

1993 732 2144 797 tinxi,
2182 733 2341 802 quasi
2370 730 2664 787 assistente
2691 732 2823 785 mihi
2860 748 2957 803 per
3000 734 3176 788 visum
3203 736 3437 805 quodam
3463 752 3559 790 nu-

1990 825 2135 877 mine
2182 832 2235 877 et
2288 824 2522 886 dicente,
2553 830 2613 877 ut
2657 822 2942 878 confestim
2977 838 3100 879 cum
3158 826 3390 895 geminis
3422 830 3557 885 meis

1982 920 2126 980 Urbe
2157 920 2493 975 discederem
2548 930 2602 975 et
2647 921 2839 975 tandiu
2886 922 3357 988 abessem,.donee
3382 925 3557 980 redire

1989 1027 2077 1066 me
2115 1012 2232 1081 ipse
2265 1012 2613 1081 praeciperet;
2648 1011 2795 1082 quod
2831 1011 2878 1067 si
2943 1028 3054 1067 non
3118 1012 3373 1077 facerem,
3432 1031 3555 1069 cum

1990 1103 2179 1159 liberis
2210 1104 2463 1161 omnibus
2516 1119 2602 1159 me
2647 1104 2851 1174 pariter
2898 1105 3216 1175 perituram.
3273 1106 3338 1163 Et
3370 1108 3445 1162 ita
3477 1108 3558 1162 fac

1989 1204 2137 1249 ctum
2166 1202 2269 1251 est.
2308 1194 2505 1249 Statim
2536 1196 2680 1249 enim
2719 1203 2778 1251 ut
2834 1197 3107 1251 somnium
3139 1198 3258 1252 viro
3283 1203 3553 1264 enarravi,

1990 1287 2259 1351 extimuit,
2296 1297 2349 1342 et
2378 1290 2601 1343 sociatis
2634 1289 2767 1343 mihi
2795 1289 3010 1344 duobus
3041 1289 3186 1353 filiis,
3224 1293 3396 1347 servis
3423 1309 3558 1362 quo-

1990 1395 2095 1450 que
2118 1388 2170 1435 et
2198 1380 2436 1445 ancillis,
2474 1382 2703 1451 pecunia
2735 1382 2896 1437 etiam
2943 1383 3243 1437 abundanti
3277 1384 3423 1446 data,
3458 1401 3556 1439 na-

1990 1470 2172 1539 vigare
2204 1471 2618 1543 Athenasjubet
2642 1472 2733 1528 ubi
2763 1474 2929 1529 simul
2990 1481 3043 1529 et
3090 1476 3309 1531 erudire
3357 1478 3556 1532 liberos

1991 1576 2225 1631 possem,
2261 1578 2543 1629 mansura,
2581 1565 2779 1635 inquit,
2817 1566 2890 1621 ibi
2916 1581 3203 1636 usquequo
3242 1568 3414 1623 visum
3442 1568 3557 1624 fue-

1988 1654 2059 1708 rit
2092 1655 2142 1709 ei
2177 1654 2271 1725 qui
2300 1657 2555 1726 praecepit
2581 1658 2751 1722 exire,
2789 1664 2848 1712 ut
2875 1657 3072 1714 redeas
3093 1658 3161 1713 ad
3195 1674 3317 1716 nos.
3345 1658 3555 1716 Interea

1988 1747 2251 1816 navigans
2280 1762 2388 1802 una
2421 1764 2544 1804 cum
2580 1749 2721 1805 meis
2778 1752 2921 1806 natis
2970 1758 3256 1807 ventorum
3303 1752 3555 1808 violentia

1918 1817 1958 1872 Β
1987 1838 2052 1892 ad
2086 1834 2189 1893 hos
2216 1837 2404 1894 infelix
2435 1848 2704 1895 nocturno
2747 1840 3033 1912 naufragio
3060 1841 3283 1913 depulsa
3314 1859 3432 1899 sum
3475 1844 3557 1897 Io-

1985 1943 2102 1992 cos,
2130 1936 2184 1985 et
2216 1943 2341 1984 cum
2375 1944 2566 1986 omnes
2600 1931 2937 1997 interissent,
2977 1939 3248 2004 arreptam
3288 1949 3374 1989 me
3429 1947 3557 1989 cru-

1983 2016 2157 2073 delem
2191 2033 2358 2089 supra
2386 2034 2576 2074 saxum
2620 2020 2894 2091 quoddam
2945 2022 3317 2077 vehementior
3356 2022 3554 2078 fluctus

1983 2108 2165 2179 ejecit,
2223 2109 2318 2166 ubi
2372 2126 2497 2165 cum
2550 2111 2795 2168 sederem
2833 2127 2897 2168 ea
2950 2115 3066 2169 sola
3122 2130 3218 2185 spe
3248 2130 3355 2186 qua
3405 2129 3557 2170 meos

1984 2213 2200 2268 possem
2238 2199 2377 2256 forte
2406 2209 2565 2256 natos
2590 2201 2856 2266 invenire,
2879 2202 2933 2257 in
2963 2202 3292 2273 profundum
3327 2219 3413 2259 me
3445 2220 3552 2258 non

1984 2290 2341 2360 praecipitavi,
2410 2301 2542 2346 tunc
2593 2306 2719 2346 cum
2783 2292 2961 2349 adhuc
3012 2295 3329 2364 perturbata
3373 2295 3553 2348 anima

1986 2386 2040 2433 et
2074 2377 2357 2435 doloribus
2400 2379 2552 2435 ebria
2608 2380 2788 2436 facere
2844 2382 2950 2438 hoc
2999 2390 3055 2437 et
3111 2382 3343 2437 audebat
3373 2389 3427 2437 et
3457 2398 3556 2454 po-

1984 2479 2146 2527 terat.

2055 2563 2218 2619 XVII.
2250 2562 2453 2621 Verum
2486 2566 2580 2622 ubi
2631 2566 2749 2622 dies
2787 2575 3012 2624 exortus
3059 2576 3164 2632 est,
3201 2576 3257 2624 et
3287 2583 3387 2640 ego
3425 2584 3549 2624 cum

1983 2657 2224 2713 clamore
2254 2665 2309 2714 et
2356 2658 2569 2713 ululatu
2615 2658 2911 2714 infelicium
2949 2667 3199 2715 natorum
3233 2661 3555 2732 circumspi-

1983 2767 2161 2815 cerem
2205 2751 2383 2808 sicubi
2433 2752 2518 2808 vel
2549 2752 2722 2822 ejecta
2761 2752 2968 2823 possim
3020 2753 3206 2808 videre
3263 2753 3553 2820 cadavera,

1984 2843 2336 2901 miseratione
2367 2844 2625 2901 commoti
2655 2844 2876 2915 quidam
2911 2861 2979 2901 ex
3014 2845 3098 2901 his
3142 2846 3236 2916 qui
3274 2861 3361 2901 me
3404 2844 3555 2900 vide-

1985 2941 2127 2998 rant,
2153 2935 2331 3005 primo
2384 2951 2484 3006 per
2528 2935 2773 3006 pelagus,
2808 2943 2925 2989 tum
2966 2936 3142 2991 .etiam
3182 2936 3333 2990 circa
3366 2937 3552 2993 littora

1981 3027 2293 3095 requirunt,
2327 3026 2372 3082 si
2414 3042 2574 3098 quem
2632 3023 2770 3081 foi'te
2813 3026 2882 3080 de
2929 3027 3067 3082 meis
3129 3026 3433 3083 infantibus
3465 3028 3548 3081 in-

1984 3119 2252 3173 venirent.
2291 3117 2398 3173 Sed
2432 3119 2524 3173 ubi
2549 3132 2819 3188 nusquam
2854 3118 2999 3173 ullus
3031 3118 3287 3175 inventus
3320 3127 3424 3184 est,
3450 3122 3554 3175 mi-

1935 3199 1950 3218 ⁸
1985 3218 2232 3267 serantes
2258 3225 2345 3266 me
2376 3211 2635 3266 mulieres
2648 3210 2755 3265 loci
2782 3210 3055 3266 consolari
3073 3221 3554 3281 emperunt,enar-

304 3274 503 3374 inquit,
537 3273 685 3329 istud
718 3274 849 3329 mihi
876 3283 1086 3331 certum
1117 3277 1287 3343 ﬁeret,
1320 3282 1449 3350 quia
1476 3282 1668 3337 vivunt
1690 3286 1887 3339 animat
1983 3310 2167 3358 fames
2201 3303 2430 3374 singula,
2452 3319 2583 3359 suas
2617 3317 2846 3373 quaque
2879 3273 3241 3364 miserias“;
3295 3273 3370 3359 exi
3396 3305 3553 3361 simi-

305 3364 363 3419 in
392 3366 641 3430 inferno,
675 3367 907 3422 libenter
939 3369 1296 3438 amplecterer
1328 3372 1491 3426 etiam
1522 3388 1713 3443 poenas
1739 3374 1884 3431 ferre

306 3462 502 3516 mortis
530 3461 696 3516 illatae
716 3501 731 3528 ,
778 3467 989 3514 tantum
1037 3467 1095 3514 ut
1125 3460 1316 3517 dulces
1342 3463 1478 3517 mihi
1510 3471 1667 3520 natos
1692 3465 1882 3520 horam

304 3554 502 3607 saltem
527 3569 690 3607 unam
723 3544 980 3608 viderem.
1014 3552 1080 3605 Et
1110 3552 1304 3607 Petrus
1344 3573 1357 3607 :
1384 3553 1527 3619 Quid
1562 3562 1775 3611 tantum
1804 3557 1881 3613 is-

304 3644 403 3698 tud
435 3651 542 3708 est,
575 3644 721 3714 quod
752 3654 801 3700 te
837 3653 945 3698 tam
974 3645 1126 3714 gravi
1154 3643 1317 3700 afficit
1346 3645 1589 3710 tristitia,
1621 3647 1765 3702 scire
1788 3664 1879 3703 ve-

304 3736 419 3791 lim.
475 3735 529 3790 Si
570 3736 715 3791 enim
759 3736 986 3791 doceres
1033 3751 1119 3791 me
1154 3751 1401 3803 causam,
1452 3752 1671 3806 possem
1702 3738 1798 3792 tibi
1828 3747 1879 3792 et

301 3843 406 3899 ego
433 3828 715 3884 evidenter
744 3827 1054 3891 ostendere,
1089 3845 1120 3882 ο
1146 3828 1367 3893 mulier,
1398 3828 1545 3898 quod
1579 3829 1634 3883 in
1667 3828 1879 3883 inferno

302 3921 491 3974 vivant
530 3920 744 3984 animm,
778 3929 832 3974 et
864 3934 963 3990 pro
1001 3919 1301 3989 praecipitio
1334 3920 1418 3975 vel
1449 3918 1722 3989 profundo
1753 3937 1878 3991 pos-

303 4026 419 4065 sem
455 4011 555 4065 tibi
590 4011 721 4065 dare
749 4011 1205 4066 medicamentum
1244 4011 1487 4081 aliquod,
1525 4019 1581 4066 ut
1610 4013 1729 4067 sine
1758 4030 1868 4067 eru-

302 4104 454 4158 ciatu
485 4105 669 4159 valeas
700 4104 864 4158 vitam
895 4102 1071 4158 ﬁnire.

375 4227 493 4282 XV.
522 4226 676 4281 Tunc
708 4227 900 4281 mulier
927 4228 1289 4297 promissione
1334 4227 1438 4282 hac
1470 4235 1747 4299 gratanter
1777 4244 1873 4283 aco

301 4328 460 4390 cepta
487 4319 653 4389 cmpit
705 4319 921 4374 dicere:
964 4318 1144 4375 Genus
1175 4319 1393 4389 quidem
1429 4320 1562 4374 mihi
1610 4327 1663 4375 et
1701 4323 1872 4390 patria

300 4427 422 4480 quae
457 4410 548 4473 sit,
576 4425 675 4465 nec
699 4410 843 4463 credi
873 4410 1050 4474 facile,
1069 4426 1169 4465 nec
1196 4411 1303 4466 dici
1333 4412 1701 4467 necessarium
1721 4422 1870 4482 puto,

1983 3393 2213 3448 litudine
2242 3393 2617 3448 calamitatum
2652 3391 2907 3447 solatium
2951 3405 3235 3460 caperem;
3269 3392 3413 3461 quod
3465 3408 3553 3446 me

1980 3482 2155 3553 magis
2184 3481 2567 3545 contristabat,
2602 3496 2713 3536 non
2745 3482 2891 3536 enim
2929 3481 3038 3535 tale
3066 3480 3199 3534 mihi
3228 3487 3347 3535 erat
3394 3481 3550 3552 inge-

1981 3576 2155 3636 nium,
2186 3582 2246 3628 ut
2277 3573 2510 3627 aliorum
2541 3574 2682 3627 mala
2732 3589 2849 3628 mea
2882 3588 3005 3628 esse
3047 3572 3241 3628 solatia
3271 3572 3546 3629 ducerem.

1982 3665 2046 3718 lit
2077 3679 2203 3718 cum
2256 3680 2344 3720 me
2375 3665 2561 3719 multa;
2587 3665 2825 3735 hospitio
2854 3674 3116 3735 cuperent
3148 3666 3406 3735 recipere.
3443 3682 3551 3720 una

1979 3753 2226 3823 quaedam
2262 3754 2591 3823 paupercula
2633 3753 2721 3808 hic
2749 3754 3001 3809 habitans
3033 3755 3264 3810 extorsit
3295 3756 3427 3809 mihi
3464 3764 3551 3809 tu-

1977 3849 2137 3917 gurio
2189 3848 2309 3917 ejus
2356 3847 2689 3911 succedere,
2748 3848 2939 3902 dicens
2983 3847 3166 3908 _Iuisse
3217 3847 3321 3902 sibi
3372 3848 3547 3903 virum

1980 3941 2201 3988 nautam
2232 3950 2467 4004 eumque
2498 3936 2554 3989 in
2584 3935 2723 3989 mari
2772 3935 3165 3991 adolescentem
3204 3935 3547 4002 defunctum,

1980 4027 2193 4096 sibique
2219 4040 2286 4081 ex
2318 4040 2388 4081 eo
2411 4025 2500 4081 die
2529 4040 2655 4081 cum
2695 4026 2849 4079 multi
2875 4041 2995 4081 eam
3027 4028 3275 4097 accipere
3315 4029 3371 4083 in
3416 4044 3550 4084 con-

1974 4116 2185 4186 jugium
2217 4123 2499 4185 cuperent,
2532 4130 2719 4170 amore
2744 4116 2849 4169 viri
2864 4116 3181 4170 viduitatem
3230 4117 3401 4173 fuisse
3424 4119 3550 4173 cha-

1981 4208 2202 4262 riorem.
2237 4205 2408 4259 Erunt
2438 4220 2589 4277 ergo,
2623 4205 2822 4275 inquit,
2851 4205 3008 4259 nobis
3037 4207 3366 4272 communia,
3394 4223 3546 4277 quae-

1977 4313 2193 4368 cunque
2242 4298 2494 4353 manibus
2542 4284 2749 4353 nostris
2774 4304 3064 4367 operantes
3104 4312 3345 4367 quaerere
3394 4312 3547 4370 pote-

1977 4407 2169 4446 l'lmlIS.

302 4504 399 4558 sed
433 4518 656 4558 causam
684 4509 893 4554 tantum
949 4502 1145 4556 suﬁicil
1196 4502 1402 4557 doloris
1434 4518 1725 4573 exponere,
1780 4519 1879 4558 cur

2052 4482 2235 4538 XVIII.
2288 4482 2353 4536 Et
2401 4498 2469 4537 ne
2519 4491 2678 4552 longa
2720 4497 2784 4535 ac
2831 4480 3014 4537 minus
3065 4482 3182 4536 utili
3232 4483 3545 4540 narratione

301 4595 580 4648 morsibus
599 4594 732 4647 meis
757 4608 905 4646 meas
932 4592 1049 4662 ipsa
1069 4592 1276 4647 debiles
1306 4594 1635 4648 reddiderim
1659 4611 1873 4652 manus.

301 4685 414 4755 Ergo
451 4687 730 4755 generosis
761 4696 878 4739 orta
915 4686 1231 4755 parentibus
1281 4697 1332 4740 et
1364 4689 1603 4754 potentis
1654 4690 1878 4759 adaeque

301 4779 404 4833 viri
437 4778 626 4832 sortita
687 4778 1119 4840 matrimonium,
1157 4778 1296 4833 duos
1353 4779 1568 4849 suscepi
1629 4782 1876 4850 geminos

299 4869 505 4925 liberos
536 4876 589 4923 et
638 4876 761 4939 post
806 4869 906 4924 hos
953 4883 1122 4922 unum
1176 4868 1365 4923 alium.
1403 4867 1509 4924 Sed
1570 4868 1740 4932 frater
1770 4872 1874 4925 viri

299 4961 405 5017 mei
442 4960 635 5014 illicito
670 4961 726 5014 in
774 4976 859 5015 me
889 4974 1073 5014 amore
1105 4960 1451 5015 vehementer
1482 4960 1710 5025 exarsit,
1738 4961 1872 5015 mihi

300 5063 483 5107 autem
518 5067 641 5106 cum
677 5067 841 5122 super
872 5052 1056 5106 omnia
1090 5065 1222 5105 cura
1277 5059 1424 5107 esset
1483 5052 1786 5122 pudicitiae,
1820 5064 1874 5108 et

298 5160 477 5214 neque
505 5152 657 5198 tanto
692 5144 884 5199 sceleri
937 5143 1286 5214 acquiescere
1316 5159 1493 5213 neque
1528 5144 1645 5199 viro
1676 5146 1868 5199 vellem

299 5234 566 5307 flagitium
602 5234 789 5289 fratris
825 5236 1058 5304 aperire,
1121 5234 1354 5313 cogitavi
1390 5242 1662 5304 quatenus
1693 5244 1747 5290 et
1771 5250 1871 5303 ego

300 5327 583 5396 impolluta
617 5326 926 5390 evaderem,
959 5334 1013 5379 et
1044 5324 1269 5380 fratrem
1330 5326 1614 5379 inimicum
1669 5334 1723 5381 et
1774 5326 1870 5379 lio-

300 5424 437 5469 stem
472 5432 580 5471 non
607 5415 839 5470 facerem
874 5413 1052 5479 fratri,
1086 5429 1154 5468 ne
1186 5429 1357 5483 genus
1389 5428 1552 5469 omne
1576 5413 1721 5483 quod
1753 5423 1870 5468 erat

299 5504 499 5560 nobilis
534 5507 751 5560 familia:
794 5506 850 5559 in
878 5504 1229 5574 opprobrium
1275 5505 1481 5562 darem.
1509 5504 1690 5560 Patria
1738 5520 1870 5576 ergo

302 5605 355 5653 et
383 5599 517 5654 urbe
549 5616 673 5653 cum
709 5598 923 5653 duobus
947 5596 1081 5651 meis
1100 5597 1331 5666 geminis
1367 5597 1648 5653 discedere
1680 5598 1865 5659 statui,

303 5688 473 5745 donec
516 5692 759 5745 incestus
816 5702 973 5743 amor
1020 5688 1455 5757 conquiesceret,
1518 5703 1680 5757 quem
1727 5687 1869 5742 forte

310 5783 603 5846 praesentia:
635 5797 765 5836 mere
824 5779 1069 5849 palparet
1103 5786 1155 5831 et
1191 5776 1547 5851 inﬂammaret
1577 5787 1863 5845 aspectus;

1982 4584 2123 4639 utar,
2155 4574 2386 4629 libenter
2416 4574 2658 4628 habitavi
2687 4589 2809 4628 cum
2841 4588 2904 4628 ea
2948 4582 3169 4643 propter
3195 4572 3445 4628 affectum
3482 4574 3545 4628 ﬁ-

1977 4669 2062 4724 dei
2092 4682 2255 4737 quam
2281 4672 2593 4722 servaverat
2622 4665 2757 4720 viro.
2787 4663 2892 4719 Sed
2921 4681 3029 4720 non
3066 4665 3238 4719 multo
3265 4673 3391 4735 post
3408 4666 3542 4720 mihi

1978 4760 2204 4826 infelici,
2242 4760 2492 4815 laceratae
2520 4759 2726 4815 dudum
2785 4758 3079 4824 morsibus,
3112 4758 3364 4815 resolutae
3413 4766 3543 4815 sunt

1976 4868 2194 4917 manus,
2224 4861 2277 4908 et
2318 4853 2409 4906 illa
2433 4867 2555 4923 qua:
2606 4867 2692 4907 me
2746 4859 3084 4920 susceperat,
3118 4850 3352 4904 incurrit
3383 4865 3543 4919 para-

1975 4947 2115 5017 lysin
2140 4954 2193 5003 et
2220 4946 2367 5001 domi
2393 4945 2447 4998 in
2467 4945 2605 4999 lecto
2627 4944 2792 5011 jacet.
2811 4942 3027 4996 Illarum
3049 4950 3230 4996 autem
3254 4941 3539 4996 mulierum

1972 5055 2093 5110 quae
2151 5038 2305 5109 prius
2355 5037 2782 5097 miserabantur,
2845 5033 3057 5089 refrixit
3125 5032 3387 5098 affectus;
3438 5046 3541 5086 nos

1972 5130 2142 5185 ambae
2167 5129 2396 5193 debiles,
2441 5143 2540 5198 ego
2574 5134 2634 5181 ut
2681 5126 2831 5180 vides
2870 5126 3034 5181 sedeo
3079 5126 3273 5195 stipem
3316 5132 3536 5195 petens,

1970 5233 2025 5278 et
2062 5224 2107 5278 si
2135 5223 2265 5294 quid
2300 5223 2440 5275 forte
2469 5220 2737 5289 quaesiero
2789 5218 2847 5271 ﬁt
2892 5233 3047 5272 unus.
3082 5217 3314 5270 duarum
3359 5215 3532 5270 infeli-

1971 5318 2115 5370 cium
2147 5315 2324 5369 cibus.
2365 5313 2505 5367 Ecce
2540 5312 2651 5380 jam
2683 5326 2804 5383 qua:
2846 5324 2964 5364 mea
3028 5300 3156 5363 sunt
3212 5306 3539 5364 sufﬁcienter

1972 5407 2193 5469 audisti,
2227 5415 2282 5459 tu
2314 5420 2458 5458 nunc
2475 5403 2603 5473 quid
2651 5403 2882 5455 moraris
2913 5401 3136 5470 implere
3168 5398 3311 5470 quod
3334 5398 3537 5469 promi-

1970 5513 2143 5559 seras,
2180 5504 2233 5550 et
2263 5496 2393 5549 dare
2449 5493 2901 5547 medicamentum
2946 5505 3055 5560 quo
3111 5490 3283 5560 possit
3330 5489 3537 5558 absque

1970 5589 2239 5649 cruciatu,
2274 5596 2333 5641 ut
2362 5587 2465 5650 ais,
2500 5592 2730 5654 utraque
2762 5593 3008 5638 nostrum
3039 5581 3370 5638 miserabilis
3408 5581 3535 5635 vitae

1970 5688 2169 5738 sortem
2202 5680 2396 5733 ﬁnire?

2038 5771 2177 5827 XIX.
2216 5770 2339 5826 llaec
2365 5770 2578 5825 dicente
2608 5769 2854 5832 muliere,
2892 5770 3060 5825 multa
3110 5767 3304 5824 Petrus
3325 5766 3533 5853 cogita-
