4022 6274
564 383 705 437 1565

1394 376 1453 435 S.
1494 376 1881 430 CLEMENTIS
1916 375 1935 427 Ι
1972 374 2141 435 ROM.
2181 375 2381 433 PONT.
2422 375 2649 432 OPERA
2686 376 2916 432 DUBIA.

3659 378 3768 435 1364

566 499 715 553 tione
736 496 1029 552 distractus
1064 495 1211 551 velut
1258 495 1523 549 attonitus
1579 495 1780 560 stabat,
1812 502 1867 550 et
1897 510 1996 564 ego
2021 494 2144 549 Cle-
2175 499 2219 554 Α
2317 493 2482 549 XXII.
2519 493 2585 547 Et
2616 502 2808 549 tenens
2854 506 3077 546 manum
3106 489 3226 559 ejus
3272 488 3470 546 Petrus
3509 488 3767 548 adducebat

565 607 722 647 mens
750 589 1168 660 superveniens,
1229 588 1468 653 Dudum,
1516 589 1761 657 inquam,
1818 604 1917 657 per
1959 589 2141 641 omnia

566 684 885 737 discurrens
917 682 1228 751 quaerebam
1259 692 1334 745 te,
1392 691 1445 733 et
1496 695 1643 733 nunc
1690 678 1822 751 quid
1880 679 2145 733 facimus?

565 774 635 825 At
665 772 753 826 ille
780 772 1037 841 praecepit
1068 770 1203 825 mihi
1230 778 1288 823 ut
1318 767 1385 821 ad
1412 768 1719 822 naviculam
1750 768 2135 838 praecederent,

567 862 643 915 ibi
688 878 797 928 me,
831 862 1029 931 inquit,
1063 862 1336 931 opperire,
1361 869 1413 916 et
1468 861 1599 929 quia
1634 861 1936 915 contradici
1956 862 2005 915 ei
2034 876 2145 915 non

565 960 799 1020 poterat,
851 953 996 1023 quod
1046 952 1213 1021 jussit
1269 954 1509 1022 implevi.
1569 952 1689 1023 Ipse
1714 968 1863 1016 vero,
1897 960 1958 1006 ut
2012 952 2145 1007 mihi

567 1054 766 1099 cuncta
799 1045 1073 1114 posterius
1103 1046 1401 1109 enarravit,
1427 1044 1739 1114 suspicione
1759 1044 1994 1115 quadam
2023 1046 2147 1115 pul-

570 1147 723 1191 satus
752 1137 1064 1207 requirebat
1093 1152 1123 1190 a
1153 1138 1381 1192 muliere
1415 1152 1589 1207 genus
1618 1148 1673 1193 et
1698 1138 1958 1208 .patriam
1982 1138 2146 1193 simul

570 1237 626 1281 et
659 1230 881 1281 nomina
909 1228 1166 1293 ﬁliorum,
1201 1244 1321 1298 qua:
1364 1229 1410 1283 si
1476 1228 1631 1292 mihi,
1668 1229 1867 1297 inquit,
1918 1229 2144 1294 dixeris,

572 1321 715 1375 dabo
743 1322 1005 1377 continuo
1052 1320 1532 1376 medicamentum.
1580 1319 1651 1375 At
1683 1321 1775 1374 illa
1828 1321 1985 1391 quasi
2038 1320 2147 1375 vim

573 1413 876 1477 sustinens,
911 1412 1038 1481 quia
1088 1427 1269 1482 neque
1299 1410 1457 1467 fateri
1500 1411 1617 1467 haec
1646 1412 1865 1466 volebat
1902 1412 2145 1467 etmedi-

572 1506 807 1559 eamenti
837 1504 1036 1575 cupida
1064 1512 1204 1573 erat,
1247 1504 1405 1558 ﬁnxit
1443 1505 1549 1559 alia
1578 1521 1646 1560 ex
1676 1506 1821 1570 aliis,
1873 1512 1926 1560 et
1959 1505 2034 1559 ait
2090 1520 2151 1560 se

572 1597 791 1665 quidem
823 1614 945 1653 esse
978 1597 1294 1668 Ephesiam,
1330 1599 1508 1652 virum
1545 1606 1723 1653 autem
1759 1596 2024 1664 Siculum,
2054 1599 2149 1653 sed

573 1696 626 1741 et
655 1689 887 1743 filiorum
912 1691 1131 1751 nomina
1162 1690 1415 1746 similiter
1438 1690 1763 1746 immutavit.
1786 1688 1923 1743 Tum
1953 1688 2149 1747 Petrus

573 1788 773 1847 putans
800 1796 920 1835 eam
967 1798 1154 1837 verum
1187 1782 1541 1853 respondisse
1589 1782 1703 1837 ait:
1737 1780 1890 1837 lien!
1928 1782 2143 1847 mulier,

573 1872 852 1940 putabam,
885 1872 1083 1942 inquit,
1112 1874 1320 1943 grande
1346 1874 1567 1944 aliquod
1596 1873 1855 1945 gaudium
1885 1874 2147 1929 hodierna

575 1963 738 2019 nobis
764 1964 852 2018 die
882 1965 1175 2030 oriturum,
1206 1968 1525 2037 suspicabar
1553 1968 1696 2023 enim
1722 1975 1774 2022 te
1801 1983 1923 2023 esse
1957 1984 2148 2037 quam-

575 2053 701 2108 dam
730 2055 1035 2120 mulierem,
1060 2057 1128 2111 de
1181 2074 1289 2127 qua
1334 2059 1536 2114 similia
1589 2058 1839 2128 quaedam
1879 2076 2055 2130 nuper
2080 2060 2147 2114 ad

579 2144 738 2197 Iidem
772 2144 961 2201 didici.
1004 2147 1073 2202 At
1112 2148 1204 2201 illa
1235 2149 1521 2218 adjurabat
1543 2165 1668 2203 eum
1705 2149 1937 2206 dicens:
1996 2150 2149 2223 Rogo

580 2245 630 2288 te
654 2243 711 2287 ut
744 2236 953 2292 indices
983 2237 1113 2291 mihi
1140 2254 1260 2308 quae
1285 2240 1387 2294 ista
1418 2240 1510 2309 sit,
1539 2250 1597 2295 ut
1618 2241 1811 2309 sciam,
1851 2243 1898 2299 si
1926 2254 2011 2300 est
2041 2247 2149 2300 ulla

577 2326 718 2382 inter
753 2328 1010 2386 mulieres
1040 2346 1126 2385 me
1157 2331 1447 2387 infelicior.

650 2417 764 2473 XX.
808 2418 944 2473 Tum
988 2418 1183 2477 Petrus
1214 2422 1401 2478 fallere
1433 2426 1684 2481 nesciens
1713 2434 1766 2481 et
1798 2427 2148 2489 miseratione

576 2519 883 2567 commotus
914 2513 1080 2582 cuepit
1104 2512 1287 2569 dicere
1312 2534 1327 2570 :
1357 2515 1453 2572 Est
1477 2518 1696 2587 quidam
1720 2520 2043 2580 adolescens
2065 2525 2149 2579 in-

580 2610 665 2656 ter
703 2618 800 2658 eos
845 2604 939 2674 qui
994 2620 1079 2659 me
1112 2618 1415 2676 sequuntur
1446 2609 1722 2681 religionis
1751 2620 1804 2667 et
1830 2623 1994 2670 sectae
2023 2632 2149 2686 gra-

578 2693 676 2759 tia,
705 2692 985 2751 Romanus
1008 2696 1277 2769 civis,qui
1310 2700 1441 2754 mibi
1465 2704 1739 2757 enarravit
1766 2706 1909 2775 quod
1940 2716 2148 2777 patrem

576 2784 833 2841 habuerit
858 2796 911 2843 et
941 2787 1077 2844 duos
1105 2791 1352 2859 geminos
1384 2792 1605 2858 fratres,
1639 2813 1705 2851 ex
1735 2799 1937 2867 quibus
1955 2803 2141 2860 nullus

576 2877 629 2932 ei
661 2886 933 2948 superest.
961 2880 1152 2947 Mater,
1180 2882 1379 2952 inquit,
1398 2899 1518 2940 mea
1544 2886 1687 2940 sicut
1714 2902 1745 2939 a
1774 2896 1929 2958 patre
1957 2890 2147 2958 didici,

574 2971 849 3032 somnium
880 2972 1051 3040 vidit,
1100 2981 1159 3027 ut
1218 2972 1463 3029 Romana
1495 2977 1627 3032 urbe
1651 2978 1718 3033 ad
1744 2988 1957 3051 tempus
1990 2998 2151 3038 exce-

575 3060 728 3117 deret
758 3077 883 3115 cum
915 3064 1130 3121 duobus
1159 3067 1389 3136 geminis
1432 3068 1611 3132 natis,
1664 3085 1734 3125 ne
1772 3069 1912 3126 forte
1940 3072 2147 3127 exitiali

2243 605 2362 646 eam
2409 591 2479 643 ad
2524 602 2734 641 navem.
2768 585 2939 650 Quem
2967 600 3067 655 ego
3097 584 3284 640 videns
3339 599 3554 638 manum
3589 584 3764 640 dantem

2244 681 2458 735 mulieri
2489 680 2667 733 ridere
2702 678 2842 748 οωρὶ
2869 718 2882 743 ,
2936 677 3199 731 accedens
3224 687 3405 731 tamen
3439 677 3647 732 honoris
3677 680 3765 745 eius

2245 773 2440 843 gratia,
2470 788 2569 841 pro
2602 772 2721 839 ipso
2753 769 2893 839 ccepi
2925 768 3062 823 velle
3091 767 3364 837 subjicere
3396 782 3603 820 manum
3629 784 3763 845 meam

2245 873 2301 920 et
2342 870 2655 919 sustentare
2699 861 3014 926 mulierem;
3050 859 3213 914 simul
3266 867 3447 913 autem
3498 869 3554 912 ut
3590 874 3765 915 manum

2246 958 2366 1027 ejus
2391 955 2629 1027 contigi,
2659 953 2874 1007 ululatu
2921 951 3126 1023 ingenti
3167 950 3383 1007 reddito
3428 951 3484 1005 in
3531 951 3765 1021 amplexus

2246 1066 2398 1106 meos
2424 1049 2613 1113 irruit,
2636 1054 2690 1102 et
2726 1046 2989 1100 maternis
3021 1060 3107 1100 me
3137 1046 3445 1099 consectari
3470 1045 3655 1099 osculis
3678 1060 3765 1099 cat-

2248 1142 2350 1211 pit.
2398 1140 2469 1194 At
2510 1156 2611 1212 ego
2656 1140 2918 1211 ignorans
2956 1154 3117 1192 omne
3155 1137 3433 1208 negotium
3464 1142 3611 1207 quasi
3652 1137 3766 1191 insa-

2247 1236 2486 1290 nientem
2520 1235 2802 1288 mulierem
2834 1232 3181 1301 repellebam,
3218 1229 3381 1285 simul
3411 1238 3484 1294 et,
3516 1245 3626 1283 cum
3652 1246 3766 1283 vere-

2249 1326 2447 1381 cundia
2491 1326 2654 1389 licet,
2707 1324 3030 1395 indignabar
3060 1330 3245 1377 tamen
3289 1320 3667 1392 quodammodo
3695 1320 3765 1375 ad-

2249 1433 2466 1473 versum
2494 1415 2736 1472 Petrum.

2320 1507 2508 1564 XXIII.
2550 1508 2619 1563 At
2652 1509 2741 1564 ille
2768 1528 2781 1562 :
2815 1506 3011 1563 Desine
3034 1548 3049 1573 ,
3095 1506 3305 1577 inquit,
3341 1505 3471 1577 quid
3497 1505 3632 1575 agis,
3654 1520 3679 1559 ο
3711 1502 3763 1555 ﬁli

2250 1601 2544 1658 Clemens?
2575 1601 2684 1655 noli
2738 1601 3004 1671 repellere
3042 1606 3194 1654 tuam
3241 1606 3492 1653 matrem.
3534 1596 3633 1667 Ego
3669 1610 3764 1649 vero

2254 1697 2344 1752 ubi
2382 1696 2495 1749 haec
2523 1694 2702 1749 audivi
2725 1732 2739 1755 ,
2767 1694 3029 1748 continuo
3054 1692 3314 1763 lacrymis
3336 1690 3571 1746 suﬁusus
3596 1686 3763 1743 concidi

2253 1802 2418 1857 supra
2446 1786 2718 1856 jacentem
2769 1793 2996 1839 matrem
3032 1791 3086 1840 et
3134 1783 3374 1839 osculari
3404 1798 3519 1837 eam
3542 1781 3681 1850 cmpi.
3703 1776 3759 1832 Si-

2251 1878 2364 1932 mul
2395 1877 2537 1932 enim
2573 1884 2629 1929 ut
2658 1876 2870 1942 audivi,
2918 1877 3178 1947 paulatim
3206 1876 3420 1930 vultum
3451 1875 3562 1945 ejus
3592 1886 3767 1928 revoca-

2252 1971 2377 2024 bam
2414 1971 2481 2025 ad
2535 1971 2855 2025 memoriam
2896 1980 2948 2025 et
2996 1969 3176 2024 notior
3218 1970 3356 2024 mihi
3401 1966 3616 2025 intuenti
3650 1974 3765 2018 tanto

2251 2062 2425 2132 magis
2471 2062 2653 2118 fiebat.
2705 2061 2997 2116 Multitudo
3044 2061 3263 2116 interim
3311 2058 3647 2115 conveniebat
3676 2056 3765 2125 plu-

2251 2155 2410 2218 rima,
2432 2154 2659 2210 audiens
2680 2154 2825 2225 quod
2855 2154 3049 2208 mulier
3072 2169 3195 2224 quae
3224 2153 3294 2208 ad
3322 2152 3514 2223 stipem
3533 2149 3764 2221 petendam

2251 2247 2474 2302 sedebat
2501 2287 2515 2310 ,
2565 2247 2845 2317 recognita
2891 2254 3037 2301 esset
3073 2260 3103 2299 a
3136 2244 3248 2300 ﬁlio
3284 2261 3386 2301 suo
3420 2244 3531 2299 viro
3578 2240 3763 2311 quodam

2251 2338 2413 2394 bono.
2458 2338 2523 2393 Et
2560 2354 2683 2393 cum
2718 2339 2945 2393 velimus
2977 2336 3270 2393 confestim
3319 2336 3594 2407 enavigare
3623 2349 3677 2389 ex
3706 2332 3768 2384 in-

2252 2432 2371 2487 sula
2392 2472 2409 2496 ,
2438 2440 2611 2486 mater
2632 2431 2705 2485 ait
2733 2431 2801 2485 ad
2836 2447 2921 2486 me
2947 2450 2960 2486 :
2997 2428 3099 2484 Fili
3125 2428 3464 2491 dulcissime,
3500 2435 3682 2483 rectum
3704 2434 3766 2477 est

2252 2532 2312 2578 ut
2336 2524 2633 2578 valedicam
2664 2522 2995 2577 mulierculae
3018 2536 3139 2591 qua:
3165 2536 3252 2574 me
3287 2519 3540 2590 suscepit,
3561 2525 3634 2572 est
3655 2516 3763 2569 enim

2252 2632 2418 2688 egens
2445 2626 2498 2671 et
2529 2616 2844 2687 paralytica,
2875 2615 3065 2685 jacens
3094 2614 3149 2668 in
3180 2613 3405 2669 lectulo.
3436 2609 3627 2678 Quibus
3647 2605 3760 2660 audi-

2252 2711 2321 2767 tis
2355 2709 2548 2765 Petrus
2578 2717 2630 2765 et
2658 2724 2847 2764 omnes
2878 2708 2971 2778 qui
3002 2707 3259 2771 aderant,
3285 2703 3532 2761 admirati
3561 2710 3671 2759 sunt
3690 2698 3762 2752 bo-

2252 2800 2478 2855 nitatem
2506 2814 2571 2853 ac
2598 2797 2942 2870 prudentiam
2970 2796 3203 2860 feminaz,
3238 2805 3295 2852 et
3345 2796 3597 2853 continuo
3634 2789 3761 2861 jussit

2250 2891 2447 2947 Petrus
2493 2892 2641 2945 abire
2691 2888 2955 2961 quosdam
2988 2898 3042 2944 et
3075 2888 3293 2944 deferre
3335 2888 3603 2943 mulierem
3641 2883 3763 2938 iniec

2252 2984 2400 3039 ctulo
2428 2983 2519 3038 ubi
2546 2982 2785 3052 jacebat.
2824 2982 3072 3052 Cumque
3116 2980 3316 3037 fuisset
3344 2981 3503 3035 allata
3533 2986 3583 3035 et
3610 2978 3654 3032 in
3678 2988 3762 3027 nie-

2250 3079 2343 3134 dio
2383 3078 2556 3132 turbae
2599 3076 2831 3132 astantis
2860 3077 3037 3146 posita
3063 3115 3076 3140 ,
3124 3076 3181 3130 in
3227 3085 3523 3147 conspectu
3566 3073 3760 3127 omnium

576 3152 801 3207 interitu
826 3155 1139 3224 deperirent
1161 3175 1179 3222 ;
1204 3174 1325 3226 qua:
1354 3174 1476 3212 cum
1501 3159 1847 3217 discessisset
1876 3179 2147 3235 nusquam
2176 3189 2221 3247 ο
2252 3170 2447 3225 Petrus
2479 3170 2554 3223 ait
2580 3187 2594 3222 :
2632 3166 2690 3223 Si
2718 3168 2964 3223 veritatis
2993 3183 3092 3238 ego
3118 3183 3238 3223 sum
3270 3182 3475 3238 praeco,
3508 3165 3569 3220 ad
3606 3161 3764 3217 contir-

576 3253 843 3298 terrarum
896 3244 1039 3298 ultra
1088 3247 1414 3315 comparuit.
1463 3244 1622 3301 Pater
1664 3264 1792 3303 vero
1839 3265 1976 3307 suus
2027 3262 2149 3322 post

579 3336 695 3390 haec
726 3336 794 3391 ad
831 3337 1241 3407 inquisitionem
1274 3339 1464 3394 uxoris
1498 3355 1561 3394 ac
1589 3339 1825 3397 ﬁliorum
1871 3345 2149 3414 profectus

578 3442 680 3481 nec
714 3427 831 3496 ipse
862 3428 1159 3483 invenitur.

647 3541 787 3596 XXI.
828 3542 955 3598 Haec
985 3558 1111 3599 cum
1157 3545 1388 3603 dixisset
1416 3547 1645 3613 Petrus,
1696 3550 1895 3607 mulier
1927 3562 2149 3623 stupore

573 3649 839 3703 percussa
886 3636 1115 3690 corruit.
1168 3636 1308 3691 Tum
1351 3637 1547 3694 Petrus
1590 3644 1871 3700 continere
1920 3660 2044 3699 eam
2092 3654 2147 3702 et

573 3726 850 3779 consolari
878 3728 1045 3795 cmpit
1063 3768 1077 3793 ,
1114 3743 1177 3782 ac
1213 3731 1494 3799 requirere
1522 3734 1653 3802 quid
1675 3744 1821 3791 esset
1850 3753 2031 3795 causa:
2052 3746 2147 3793 aut

572 3816 708 3887 quid
749 3825 1048 3887 pateretur.
1086 3819 1156 3872 At
1199 3820 1292 3875 illa
1333 3823 1422 3877 vix
1455 3823 1747 3894 aliquando
1777 3829 2029 3898 spiritum
2058 3846 2148 3886 re—

574 3924 803 3975 vocans,
850 3924 916 3963 ac
956 3911 1306 3982 semetipsam
1353 3914 1421 3969 ad
1475 3916 1659 3986 gaudii
1701 3919 1847 3988 quod
1894 3923 2147 3990 sperabat

574 4001 1011 4070 magnitudinem
1032 4018 1293 4074 reparans
1324 4007 1596 4079 simulque
1622 4009 1881 4067 aﬁ‘ricans
1909 4015 2142 4083 vultum,

574 4092 699 4157 llic,
732 4093 909 4164 inquit
941 4135 956 4159 ,
989 4106 1072 4150 est
1102 4112 1265 4167 quem
1295 4099 1434 4157 dicis
1471 4102 1829 4160 adolescens?
1849 4105 1917 4159 At
1947 4106 2144 4166 Petrus

573 4186 665 4238 ubi
693 4201 807 4240 rem
840 4186 1124 4252 intellexit,
1162 4188 1280 4255 Dic,
1314 4191 1513 4262 inquit,
1546 4195 1680 4248 mihi
1704 4202 1763 4249 tu
1796 4198 1977 4266 prior,
2011 4215 2139 4255 nam

570 4274 757 4331 videre
778 4292 903 4330 eum
934 4293 1042 4332 non
1064 4281 1288 4348 poteris.
1315 4280 1451 4336 Tum
1480 4284 1573 4337 illa
1602 4301 1615 4336 :
1642 4284 1774 4357 Ego,
1800 4288 1997 4359 inquit,
2019 4307 2140 4345 sum

573 4366 937 4422 adolescentis
967 4378 1163 4425 mater.
1188 4370 1255 4424 Et
1284 4370 1480 4429 Petrus
1506 4395 1517 4428 :
1546 4376 1701 4440 Quod
1729 4378 1777 4431 ei
1808 4392 2007 4433 nomen
2026 4381 2144 4435 est?

570 4460 641 4510 At
662 4458 787 4510 illa:
814 4458 1091 4526 Clemens,
1124 4462 1219 4517 ait.
1252 4462 1448 4520 Petrus
1476 4485 1488 4519 :
1520 4465 1641 4535 Ipse
1664 4476 1768 4533 est,
1791 4480 1843 4524 et
1867 4472 1979 4540 ipse
2000 4481 2138 4536 erat,

2251 3260 2506 3315 mandam
2548 3258 2708 3314 ﬁdem
2756 3259 2953 3313 horum
2984 3259 3230 3314 omnium
3276 3260 3372 3330 qui
3411 3257 3675 3317 assistunt,
3716 3257 3761 3302 ut

2252 3354 2429 3409 sciant
2456 3360 2510 3407 et
2537 3352 2764 3407 credant
2793 3353 2921 3422 quia
2950 3366 3093 3405 unus
3123 3360 3207 3405 est
3229 3349 3376 3405 Deus
3394 3350 3483 3420 qui
3512 3346 3683 3403 etelum
3704 3340 3762 3395 fe-

2248 3445 2325 3500 cit
2372 3459 2437 3499 ac
2478 3453 2679 3499 terram
2705 3485 2720 3511 ,
2767 3446 2824 3498 in
2858 3443 3079 3503 nomine
3097 3441 3226 3496 Jesu
3272 3442 3479 3497 Christi
3512 3438 3622 3494 Filii
3645 3436 3757 3504 ejus.

2247 3546 2436 3606 surgat
2461 3538 2577 3592 haec
2608 3537 2826 3591 mulier.
2856 3534 2920 3590 Et
2952 3535 3135 3592 statim
3167 3543 3227 3588 ut
3258 3535 3375 3590 haec
3397 3532 3637 3593 dixisset,
3667 3539 3761 3582 sur-

2246 3631 2387 3686 rexit
2416 3645 2549 3686 sana
2578 3635 2632 3683 et
2653 3626 2889 3699 procidit
2908 3627 2975 3682 ad
3005 3626 3172 3697 pedes
3188 3625 3361 3694 Petri,
3391 3633 3548 3696 atque
3571 3621 3757 3677 amicam

2247 3742 2402 3783 suam
2450 3741 2515 3781 ac
2549 3726 2867 3782 familiarem
2918 3724 3124 3780 osculis
3151 3731 3366 3793 petens,
3394 3715 3759 3794 percontabatur

2244 3816 2313 3871 ab
2353 3832 2417 3872 ea
2462 3816 2593 3887 quid
2644 3815 2792 3871 istud
2839 3822 2986 3870 esset
3035 3813 3261 3885 negotii.
3319 3814 3389 3869 At
3430 3814 3518 3867 illa
3568 3806 3758 3864 breviter

2246 3923 2460 3963 omnem
2487 3908 2537 3963 ei
2572 3908 2819 3963 ordinem
2849 3907 3143 3978 agnitionis
3164 3906 3436 3976 exposuit,
3463 3905 3533 3959 ita
3553 3899 3754 3957 utetiam

2244 4000 2417 4054 turba:
2446 4005 2690 4055 astantes
2717 3998 3070 4054 mirarentur.
3719 4075 3728 4086 _

2318 4086 2503 4143 XXIV.
2545 4088 2684 4143 Tum
2715 4087 2909 4143 Petrus
2935 4086 3061 4158 (42)¹
3090 4086 3157 4141 de
3187 4086 3291 4141 ﬁde
3323 4086 3419 4143 Dei
3440 4102 3501 4141 ac
3526 4082 3756 4153 religionis

2243 4182 2530 4245 institutis,
2549 4178 2696 4251 quod
2717 4180 2786 4235 ad
2804 4196 2861 4235 se
2877 4180 3204 4250 pertinebat,
3220 4179 3274 4233 in
3296 4188 3555 4251 quantum
3583 4183 3753 4241 tempus

2243 4275 2551 4347 patiebatur
2581 4276 2798 4329 locutus
2821 4273 2889 4328 ad
2919 4274 3129 4338 turbas,
3156 4274 3305 4328 addit
3332 4275 3493 4328 etiam
3516 4272 3627 4331 hoc,
3654 4261 3754 4319 utsi

2241 4368 2364 4436 quis
2391 4366 2553 4421 vellet
2592 4364 2660 4421 de
2687 4366 2773 4421 his
2800 4366 3114 4435 diligentius
3142 4382 3373 4423 noscere
3392 4407 3407 4431 ,
3455 4357 3751 4419 Antiochiam

2240 4457 2474 4524 veniret,
2510 4457 2601 4512 ubi
2630 4457 2827 4521 tribus,
2859 4457 3066 4527 inquit,
3099 4459 3380 4514 mensibus
3403 4458 3666 4513 statuimus
3687 4462 3755 4502 re-

571 4546 665 4615 qui
691 4548 855 4614 paulo
884 4556 1010 4603 ante
1037 4565 1249 4605 mecum
1282 4554 1609 4623 loquebatur
1636 4566 1689 4611 et
1719 4536 2049 4627 quem—jussi
2072 4562 2137 4615 ad
2171 4536 2215 4590 Ῑ)
2244 4548 2422 4605 sidere
2436 4557 2621 4620 etquae
2642 4548 2709 4603 ad
2734 4550 2965 4605 salutem
2991 4550 3264 4619 pertinent
3286 4552 3525 4605 edocere.
3549 4545 3599 4600 Si
3618 4541 3753 4598 enim.

570 4652 763 4691 navem
820 4638 1145 4707 praecedere.
1191 4640 1329 4695 Tum
1371 4644 1463 4696 illa
1509 4645 1799 4715 procidens
1859 4649 1927 4702 ad
1974 4650 2141 4719 pedes

2246 4638 2449 4707 inquit,
2482 4639 2792 4708 negotiandi
2822 4654 2987 4693 causa
3018 4646 3112 4693 aut
3142 4639 3413 4694 militandi
3457 4635 3665 4708 patriam
3693 4641 3756 4681 1-8·

568 4729 715 4783 Petri
766 4746 958 4800 rogare
1007 4735 1205 4803 coepit,
1252 4744 1313 4789 ut
1368 4737 1651 4794 festinaret
1704 4740 1771 4793 ad
1810 4756 2024 4797 navem.
2075 4742 2142 4799 Et
2240 4732 2496 4801 linquunt
2526 4732 2775 4787 homines
2803 4748 2868 4787 ac
2888 4741 3162 4802 parentes.
3194 4741 3247 4787 et
3270 4733 3458 4804 longas
3480 4724 3753 4801 peregrin“

568 4821 803 4878 Petrus:
835 4822 892 4877 Si
941 4825 1111 4890 mihi,
1162 4825 1379 4897 inquit,
1432 4845 1619 4885 servas
1676 4830 1835 4885 ﬁdem
1882 4842 1937 4886 ut
1972 4833 2140 4890 facias
2238 4824 2427 4909 tiones.
2461 4825 2647 4880 subire
2675 4841 2783 4880 non
2811 4832 3088 4889 metuunt.
3120 4840 3219 4894 pro
3250 4825 3361 4880 vita
3389 4831 3581 4879 aeterna
3609 4814 3753 4909 tribus

570 4916 715 4985 quod
751 4916 894 4970 dico.
938 4915 1008 4968 At
1040 4917 1169 4970 illa:
1199 4917 1395 4973 Omnia
1417 4959 1431 4984 ,
1476 4922 1690 4990 inquit,
1722 4922 1891 4992 facio;
1925 4934 2135 4981 tantum

569 5007 702 5060 mihi
732 5008 958 5062 ostende
994 5010 1215 5062 unicum
1245 5026 1422 5065 meum
1462 5020 1648 5066 natum
1674 5054 1688 5077 ,
1718 5024 1848 5083 puto
1875 5016 2019 5071 enim
2048 5034 2136 5073 me

568 5114 665 5168 per
693 5100 871 5169 ipsum
893 5107 947 5154 et
974 5100 1221 5170 geminos
1250 5118 1401 5157 meos
1432 5102 1636 5159 videre.
1666 5104 1731 5159 Et
1753 5104 1947 5161 Petrus
1968 5107 2130 5161 :Cum

563 5190 790 5257 videris,
820 5192 1017 5261 inquit,
1049 5207 1196 5255 eum,
1253 5193 1416 5247 modo
1445 5193 1662 5248 interim
1688 5194 1973 5250 dissimula
2000 5213 2135 5267 pau-

565 5283 760 5349 lulum,
792 5300 1078 5359 usquequo
1106 5285 1452 5355 egrediantur
1487 5286 1554 5342 ab
1584 5286 1781 5343 insula.
1816 5285 1915 5353 lta,
1937 5290 2133 5361 inquit,

2239 4903 2430 4973 saltem
2460 4917 2743 4972 mensibus
2771 4916 3137 4987 peregrinari,
3168 4931 3269 4969 cur
3292 4926 3575 4969 onerosum
3603 4903 3749 4960 videa-

2234 5020 2323 5064 tur
2350 5025 2415 5065 ac
2459 5010 2704 5065 difﬁcile?
2750 5009 2993 5080 Cumque
3044 5008 3157 5063 haec
3203 5019 3258 5063 et
3305 5008 3411 5061 alia
3454 5005 3535 5059 his
3583 4992 3745 5055 similia

2236 5102 2493 5166 dixisset,
2535 5118 2635 5173 ego
2680 5102 2893 5157 mulieri
2938 5118 3059 5172 quae
3107 5107 3423 5171 susceperat
3466 5102 3667 5151 matrem
3704 5088 3747 5136 et

2237 5196 2530 5251 sanitatem
2577 5202 2855 5265 receperat
2884 5208 2980 5264 per
3023 5192 3244 5249 Petrum
3267 5231 3283 5257 ,
3329 5190 3473 5245 mille
3503 5180 3751 5241 drachmas

2237 5289 2473 5355 donavi,
2512 5296 2568 5344 et
2620 5288 2981 5358 praesentibus
3027 5287 3241 5342 cunctis
3271 5273 3625 5339 commendavi
3652 5276 3746 5358 cui“

2238 5380 2457 5435 cuidam
2483 5381 2603 5435 viro
2621 5354 2795 5445 bono,
2831 5380 3091 5450 primario
3117 5378 3263 5434 illius
3287 5373 3496 5447 oppidi,
3526 5365 3672 5439 quiet
3693 5354 3744 5408 li-

1837 5516 2203 5573 COTELEBII
2270 5518 2499 5572 ΝΟΤίΕ.

562 5375 779 5433 faciam.

2228 5674 2456 5731 forsitan
2490 5672 2591 5727 fuit
2618 5688 2644 5725 a
2678 5672 3103 5742 pseudo-Abdia.
3158 5670 3246 5725 Ait
3266 5669 3405 5742 enim
3436 5668 3527 5723 lib.
3555 5681 3570 5721 ι
3596 5680 3609 5719 :
3638 5658 3741 5714 Tum

632 5676 746 5752 μὴ
775 5675 1168 5752 __Tum__Petrus.
1211 5674 1348 5752 ante
1404 5674 1516 5727 haec
1560 5673 1879 5752 miraculum
1922 5680 2125 5752 sanata:

2246 5674 2456 5752 'orsitan
2490 5673 2644 5752 fuit_a
2678 5673 3113 5752 pseudo-Abdiaz
3158 5673 3246 5725 Ait
3266 5673 3383 5749 enin

2230 5746 2558 5816 apprehensis
2588 5743 2775 5800 Petrus
2804 5744 3040 5799 manibus
3065 5743 3176 5812 ejus
3206 5743 3404 5798 sanavit
3429 5755 3535 5794 eu.

560 5744 855 5803 Matthidiae
888 5747 1099 5800 videtur
1126 5746 1396 5799 excidisse
1435 5761 1465 5798 e
1494 5744 1775 5797 codicibus
1810 5763 1821 5796 :
1857 5746 2001 5812 quod
2032 5745 2127 5796 lia-

562 5816 996 5876 Lcs'Clcmeniin.
1040 5833 1135 5879 xu,
1184 5817 1272 5878 '23,
1316 5819 1454 5886 Epit.
1505 5816 1591 5875 ‘Jl,
1638 5815 1885 5882 quodque
1933 5816 2126 5870 lectum
