4022 6274
302 288 437 347 1365

1513 292 2082 352 BECOGNITIONUM
2121 294 2249 352 LIB.
2292 296 2400 354 vn

3421 311 3562 375 i366
3606 264 3607 275 χ

295 404 485 460 benter
514 421 573 462 se
601 405 871 465 facturum
913 411 1511 482 quodiimperabamus
1543 413 1854 483 3p0pondit.
1887 417 1937 475 Δ
1963 411 2117 467 mira:
2159 412 2591 483 magnitudinis;
2635 416 2925 489 acquievi,
2966 428 3194 480 ventum
3237 434 3322 483 est
3367 429 3436 484 ad
3478 431 3562 486 lo-

298 495 403 551 Sed
450 505 503 557 et
532 500 653 556 aliis
684 500 1007 572 quibusdam
1047 502 1445 575 aliquantulum
1479 506 1725 576 pecuniae
1757 507 1872 562 dis-

302 590 510 655 tribui,
560 599 613 646 et
650 592 759 648 illis
817 593 1137 650 mulieribus
1181 612 1301 663 qua:
1345 596 1637 667 aliquando
1685 598 1871 654 solatae

295 681 616 737 dicebantur
661 682 716 737 in
767 684 1006 741 miseriis
1054 697 1282 743 matrem
1324 704 1531 754 meam,
1567 691 1768 761 quibus
1815 698 1870 746 et

295 778 498 845 gratias
522 776 703 833 retuli.
735 775 801 831 Et
823 787 945 848 post
974 779 1085 835 hate
1118 796 1226 836 una
1257 796 1381 837 cum
1412 789 1587 839 matre
1609 784 1867 855 enaviga-
1938 773 1942 780 ’

296 868 471 925 vimus
490 868 845 926 Antaradum.

364 958 525 1014 XXV.
568 960 814 1031 Cumque
850 963 1194 1020 venissemus
1236 965 1303 1020 ad
1329 966 1651 1038 hospitium,
1692 978 1868 1043 mater

290 1052 571 1120 requirere
605 1056 769 1124 cmpit
817 1070 849 1110 a
880 1071 1000 1122 me,
1053 1073 1293 1127 quonam
1341 1058 1649 1116 devenisset
1687 1070 1862 1132 pater.

288 1142 390 1199 Cui
439 1160 539 1217 ego
568 1164 581 1201 :
613 1146 695 1200 Ad
728 1154 811 1211 te,
861 1148 1084 1218 inquam
1112 1190 1127 1214 ,
1162 1150 1549 1220 requirendam
1584 1153 1864 1222 profectus

288 1237 433 1290 ultra
460 1253 570 1292 non
594 1238 778 1293 rediit.
810 1237 880 1292 At
912 1240 1003 1293 illa
1034 1240 1266 1297 audiens
1296 1244 1593 1313 suspiravit
1623 1251 1861 1315 tantum,

287 1329 494 1399 grande
522 1330 665 1386 enim
695 1346 795 1401 pro
827 1348 913 1387 me
946 1332 1203 1403 gaudium
1238 1333 1444 1392 habens
1495 1334 1736 1406 reliquos
1774 1352 1864 1392 so-

285 1420 502 1475 labatur
551 1437 837 1480 maerores.
888 1422 985 1479 Die
1013 1432 1192 1480 autem
1234 1435 1453 1498 postera
1504 1427 1702 1483 sedens
1753 1445 1862 1484 una

284 1528 410 1567 eum
430 1530 599 1570 uxore
612 1514 754 1571 Petri
772 1517 883 1589 (45)
902 1517 1003 1571 iter
1014 1517 1205 1588 agebat
1218 1519 1527 1583 nobiseum,
1543 1531 1595 1575 et
1612 1520 1861 1575 venimus

282 1604 549 1663 Balaneas
569 1608 702 1679 (44),
729 1610 817 1665 ubi
845 1610 1029 1665 triduo
1061 1612 1341 1677 remorati,
1365 1612 1494 1668 inde
1523 1614 1860 1670 accessimus

281 1700 456 1756 Patho
483 1701 664 1772 (45)et
688 1710 810 1772 post
844 1703 946 1757 hoc
968 1702 1174 1759 Gabala
1191 1704 1326 1778 (46),
1356 1712 1411 1761 et
1435 1704 1518 1762 sic
1541 1706 1859 1762 Laodiciam

1973 520 2138 573 cum,
2186 508 2372 562 caeteri
2402 524 2595 566 omnes
2624 511 2891 569 interiora
2928 516 3064 573 aedis
3114 517 3385 591 ingressi,
3420 525 3558 581 mihi

1954 596 2191 653 «animus
2235 599 2424 654 nescio
2458 600 2528 656 ob
2558 617 2723 673 quam
2766 619 2992 662 causam
3041 607 3381 679 ingrediendi
3416 616 3559 673 ultra

1972 701 2084 741 non
2121 685 2243 741 fuit.

2040 777 2254 837 XXVII.
2295 779 2401 837 Sed
2438 783 2568 838 dum
2624 785 2751 842 illos
2787 786 2923 844 foris
2952 793 3230 862 opperior.
3268 797 3555 856 mulierem

1970 868 2113 925 hanc
2140 872 2494 931 considerare
2522 876 2663 946 coepi
2696 893 2803 947 qua
2834 891 2989 950 parte
3014 885 3383 942 membrorum
3408 899 3556 947 esset

1969 960 2199 1031 debilis,
2251 973 2310 1019 ιιι
2342 981 2452 1021 non
2483 968 2670 1023 labore
2716 986 2975 1026 manuum
3009 974 3216 1030 victum
3249 991 3550 1049 quaereret,

1968 1055 2066 1110 sed
2098 1056 2468 1113 mendicitatis
2502 1061 2761 1130 pudorem
2796 1066 3036 1136 subiret;
3066 1070 3288 1140 requiro
3321 1089 3453 1146 ergo
3484 1077 3554 1133 ab

1966 1162 2030 1201 ca
2061 1162 2278 1205 causas.
2329 1149 2422 1204 Illa
2470 1153 2640 1208 nobili
2687 1172 2745 1210 se
2783 1164 2958 1211 ortam
3001 1176 3230 1231 genere,
3276 1173 3329 1221 et
3375 1168 3544 1225 nobili

1969 1237 2326 1297 nihilominus
2360 1244 2477 1297 viro
2510 1244 2562 1298 in
2596 1248 2951 1303 matrimonio
2977 1249 3149 1308 fuisse
3177 1253 3430 1323 junctam
3464 1257 3550 1313 fa-

1968 1336 2133 1395 tetur,
2167 1332 2328 1401 cujus
2362 1333 2555 1400 frater,
2590 1336 2788 1408 inquit,
2828 1339 2883 1395 in
2916 1357 3002 1397 me
3031 1342 3225 1401 illicito
3247 1362 3433 1406 amore
3464 1352 3550 1406 in-

1964 1420 2275 1480 ﬂammatus
2301 1424 2603 1483 fraternum
2624 1436 2804 1484 torum
2832 1432 3077 1502 polluere
3093 1437 3367 1507 cupiebat.
3390 1440 3548 1508 Quod

1962 1530 2062 1587 ego
2088 1518 2423 1586 abhorrens,
2468 1530 2522 1579 et
2550 1540 2769 1581 rursum
2807 1526 2874 1582 de
2900 1534 3051 1585 tanto
3080 1532 3286 1590 scelere
3312 1535 3431 1593 viro
3463 1538 3548 1594 in-

1962 1607 2149 1668 dicare
2178 1630 2288 1669 non
2328 1617 2538 1691 audens
2559 1658 2574 1683 ,
2610 1634 2679 1675 ne
2734 1620 2934 1676 bellum
2967 1624 3230 1683 fratribus
3261 1637 3313 1683 et
3344 1646 3544 1702 Oppro-

1962 1701 2141 1758 brium
2174 1710 2357 1778 generi
2384 1710 2681 1768 indicerem
2701 1753 2715 1777 ,
2750 1716 2924 1786 magis
2954 1731 3020 1771 ex
3050 1720 3226 1789 patria
3257 1701 3544 1783 discedere

280 1794 653 1865 pervenimus,
672 1795 766 1849 ubi
793 1803 920 1851 ante
950 1805 1139 1866 portas
1167 1806 1467 1853 occurrunt
1495 1800 1654 1855 nobis
1672 1800 1860 1856 Niceta
1888 1780 1934 1837 Β
1957 1795 2202 1865 judicavi
2250 1815 2375 1855 eum
2422 1802 2639 1861 duobus
2685 1808 2919 1877 geminis
2950 1780 3078 1867 filiis
3108 1814 3244 1872 meis
3264 1857 3277 1876 ,
3325 1817 3545 1887 juniore

275 1894 335 1942 et
361 1886 556 1957 Aquila
590 1896 644 1942 et
672 1889 989 1945 osculantes
1020 1906 1121 1946 nos
1142 1891 1423 1947 abducunt
1447 1892 1502 1947 in
1532 1893 1857 1964 hospitium.

274 1979 475 2038 Petrus
504 1988 686 2036 autem
721 1981 915 2038 videns
947 1984 1182 2054 amplam
1217 1985 1497 2040 civitatem
1529 1995 1584 2041 et
1612 1986 1858 2056 splendio

274 2076 428 2140 dam,
462 2074 697 2146 Dignum
728 2083 833 2140 est,
870 2076 1080 2147 inquit,
1106 2077 1373 2134 remorari
1404 2094 1506 2135 nos
1538 2079 1593 2133 in
1625 2078 1729 2133 hac
1753 2079 1862 2135 die-

269 2166 381 2222 bus
430 2166 617 2226 deeem
664 2174 757 2221 aut
802 2167 968 2223 etiam
1022 2169 1280 2240 amplius.
1329 2169 1468 2224 Tum
1511 2169 1701 2225 Niceta
1731 2185 1858 2225 cum

268 2259 473 2330 Aquila
510 2259 864 2329 requirebant
909 2274 939 2313 a
983 2276 1105 2325 me,
1153 2276 1278 2332 quae
1320 2269 1471 2318 esset
1518 2262 1716 2316 mulier
1744 2261 1860 2317 haec

266 2351 481 2422 ignota.
514 2350 581 2405 Et
618 2367 718 2422 ego
742 2351 998 2422 respondi
1026 2369 1038 2404 :
1070 2352 1239 2409 Mater
1273 2368 1393 2410 mea
1419 2362 1504 2411 est
1532 2368 1696 2424 quam
1720 2352 1855 2407 mihi

266 2440 560 2497 redonavit
585 2440 725 2495 Deus
750 2456 847 2510 per
875 2439 1160 2497 dominum
1191 2459 1372 2500 meum
1398 2443 1642 2500 Petrum.

344 2532 534 2590 XXVI.
574 2532 699 2590 Haec
730 2550 856 2589 cum
886 2551 986 2605 ego
1014 2536 1299 2603 dixissem,
1322 2544 1519 2591 cuneta
1549 2537 1629 2592 eis
1659 2535 1855 2594 Petrus

270 2642 374 2697 per
404 2627 653 2682 ordinem
691 2629 858 2699 accpit
890 2642 1164 2698 exponere
1193 2638 1247 2684 et
1277 2628 1355 2683 ait
1388 2647 1402 2685 :
1441 2627 1578 2683 Cum
1610 2629 1855 2685 venisse-

271 2736 400 2774 mus
426 2717 666 2774 Aradum
698 2729 751 2775 et
773 2738 873 2793 ego
904 2737 1001 2777 vos
1032 2720 1338 2791 praecedere
1362 2719 1651 2791 iussissem
1673 2760 1689 2785 ,
1721 2736 1851 2791 pro-

277 2812 437 2866 fectis
476 2811 662 2877 vobis,
710 2812 898 2869 eadem
944 2813 1033 2869 die
1085 2812 1339 2868 Clemens
1389 2827 1514 2867 cum
1563 2813 1853 2869 incidisset

272 2904 548 2960 sermonis
582 2904 828 2968 occasio,
879 2918 1049 2974 genus
1091 2919 1251 2959 suum
1302 2903 1434 2957 mihi
1482 2903 1736 2972 exposuit
1784 2918 1850 2958 ac

272 2998 560 3062 familiam,
586 3004 641 3051 et
663 2995 806 3066 quod
830 2997 1145 3065 parentibus
1172 3003 1319 3053 esset
1342 2995 1570 3051 orbatus
1599 2995 1850 3065 duosque

270 3090 556 3146 habuisset
581 3088 789 3158 priures
816 3103 874 3143 se
898 3089 1144 3157 geminos
1177 3087 1405 3153 fratres;
1440 3095 1494 3143 et
1518 3086 1661 3143 sicut
1686 3086 1843 3153 mihi,
1872 3126 1916 3184 ε

266 3186 483 3256 inquit,
518 3190 672 3254 pater
712 3181 1025 3246 enarravit,
1058 3180 1333 3237 somnium
1365 3179 1499 3234 vidit
1547 3178 1844 3250 aliquando

265 3285 464 3342 mater,
504 3291 613 3348 quo
659 3274 816 3345 jussa
858 3279 941 3329 est
992 3287 1115 3326 cum
1159 3271 1389 3341 geminis
1435 3272 1552 3327 suis
1597 3287 1665 3327 ex
1709 3272 1844 3328 urbe

263 3370 442 3426 Roma
487 3368 804 3442 proﬁcisci,
843 3382 912 3422 ne
961 3365 1144 3423 subito
1177 3372 1232 3420 et
1278 3364 1484 3434 pariter
1530 3363 1837 3421 interirent.

264 3463 514 3532 Cumque
543 3460 815 3517 somnium
849 3458 988 3530 patri
1033 3456 1348 3520 indicasset,
1395 3455 1485 3511 ille
1516 3456 1610 3527 qui
1649 3463 1841 3511 tenero

262 3555 409 3610 ﬁlios
439 3553 688 3624 diligeret
718 3552 917 3608 affectu
942 3591 958 3617 ,
986 3566 1054 3607 ne
1081 3548 1210 3621 quid
1249 3548 1387 3605 forte
1412 3548 1540 3603 mali
1586 3556 1841 3619 pateren-

260 3654 377 3711 tur,
406 3660 635 3703 uxorem
667 3646 875 3716 pariter
902 3658 966 3701 ac
997 3643 1137 3700 filios
1163 3641 1289 3697 navi
1314 3655 1441 3696 eum
1464 3640 1722 3699 omnibus
1749 3655 1843 3697 ne-

261 3740 528 3795 cessariis
572 3737 896 3807 impositos,
942 3734 1144 3793 emittit
1190 3732 1432 3789 Athenas
1482 3731 1835 3791 erudiendos.

258 3832 395 3890 Post
428 3833 544 3889 haec
578 3830 729 3886 misit
758 3830 925 3885 semel
952 3836 1005 3884 et
1032 3828 1231 3883 iterum
1263 3826 1358 3898 qui
1388 3825 1755 3898 requirerent,
1782 3833 1839 3881 et

258 3938 537 3994 nusquam
588 3921 734 3976 illius
765 3936 837 3975 ne
868 3919 1158 3989 vestigium
1190 3917 1411 3988 quidem
1456 3915 1681 3986 reperit.
1716 3913 1837 3987 Ipse

256 4018 327 4075 ad
364 4016 614 4071 ultimum
658 4020 812 4084 pater
833 4011 902 4067 ad
942 4009 1328 4083 inquirendum
1364 4007 1752 4080 proﬁciscitur,
1782 4015 1837 4064 et

254 4123 435 4179 usque
477 4106 546 4161 ad
589 4120 833 4176 praesens
877 4118 978 4158 nec
1023 4103 1141 4173 ipse
1186 4100 1406 4171 quidem
1446 4114 1678 4169 usquam
1726 4105 1833 4155 est.

256 4201 385 4255 llaec
407 4214 532 4255 cum
562 4196 696 4252 mihi
716 4197 969 4251 Clemens
999 4200 1334 4258 enarrasset,
1367 4191 1604 4248 accessit
1634 4190 1701 4247 ad
1731 4207 1834 4248 nos

255 4294 483 4364 quidam
518 4305 741 4361 rogans,
778 4296 836 4343 ut
864 4288 931 4343 ad
960 4287 1196 4341 insulam
1228 4283 1467 4339 Aradum
1499 4299 1621 4355 qua:
1649 4283 1831 4339 vicina

254 4393 376 4441 erat
424 4382 835 4445 accederemus,
869 4378 1087 4436 videndi
1125 4378 1297 4450 gratia
1342 4377 1627 4435 columnas
1658 4377 1829 4431 viteas

1963 1901 2135 1956 puero
2165 1890 2230 1943 ad
2266 1892 2519 1948 solatium
2554 1897 2695 1966 patri
2728 1899 2944 1955 relicto.
2974 1900 3041 1956 Et
3073 1912 3132 1958 ut
3161 1905 3296 1972 haec,
3342 1909 3541 1981 inquit,

1961 1977 2192 2035 honesta
2218 1984 2398 2052 specie
2427 1984 2635 2051 ﬁerent,
2664 1989 2899 2061 cogitavi
2948 1996 3223 2052 somnium
3259 1977 3461 2074 fingere
3485 1977 3540 2061 et

1961 2068 2144 2126 dicere
2188 2074 2326 2141 viro,
2361 2076 2607 2134 astitisse
2636 2080 2769 2134 mihi
2799 2097 3000 2139 numen
3032 2088 3306 2157 quoddam
3336 2068 3433 2163 per
3456 2098 3540 2153 vi-

1961 2177 2082 2219 sum
2108 2172 2162 2221 et
2196 2166 2434 2233 dixisse,
2474 2180 2531 2225 ut
2561 2187 2685 2227 eum
2726 2172 2943 2232 duobus
2968 2181 3199 2249 geminis
3228 2185 3365 2242 meis
3402 2202 3537 2245 con-

1962 2252 2143 2349 festim
2178 2274 2245 2315 ex
2284 2257 2429 2316 Urbe
2462 2264 2863 2334 proﬁciscerer,
2890 2286 3177 2343 usquequo
3204 2276 3274 2331 ab
3297 2279 3416 2349 ipso
3439 2297 3536 2339 au-

1959 2344 2167 2411 direm,
2206 2351 2429 2419 quando
2485 2356 2663 2413 redire
2714 2356 2992 2416 deberem.
3030 2362 3246 2429 Quibus
3303 2344 3529 2435 auditis.

1959 2438 2260 2496 credidisse
2286 2442 2464 2498 aiebat
2482 2446 2683 2511 virum,
2706 2458 2759 2505 et
2786 2450 3028 2509 Athenas
3061 2470 3120 2510 se
3148 2459 3378 2526 geminis
3409 2479 3531 2521 cum

1958 2527 2145 2588 liberis
2189 2533 2443 2591 emisisse
2489 2537 2623 2593 inibi
2674 2541 3025 2609 erudiendis,
3074 2548 3167 2601 sed
3214 2555 3535 2623 tempestate

1957 2622 2108 2690 gravi
2140 2623 2208 2679 ad
2251 2624 2391 2681 hanc
2438 2628 2674 2684 insulam
2709 2630 2878 2689 fuisse
2923 2633 3203 2705 depulsos,
3252 2622 3365 2710 ubi,
3400 2663 3533 2702 con-

1956 2710 2127 2769 fracta
2158 2716 2306 2782 navi,
2338 2734 2397 2774 se
2427 2718 2595 2775 fluctu
2626 2737 2913 2780 excussam
2946 2743 3111 2797 supra
3140 2746 3330 2787 saxum
3358 2738 3531 2806 quod-

1955 2804 2113 2870 dam,
2144 2807 2215 2862 ob
2242 2808 2346 2866 hoc
2378 2812 2559 2866 solum
2592 2821 2822 2870 mortem
2855 2817 3172 2885 distulisse,
3205 2804 3413 2895 donec,
3449 2830 3530 2885 in-

1954 2898 2111 2967 quit,
2146 2899 2448 2957 infelicium
2480 2913 2734 2961 natorum
2772 2924 3017 2967 meorum
3064 2916 3253 2971 saltem
3282 2929 3531 2978 emortua

1953 2992 2198 3047 membra
2224 2997 2636 3066 complecterer,
2660 3015 2724 3054 ac
2750 3004 3043 3071 sepulturae
3065 3010 3399 3067 mandarem.
3424 3013 3530 3070 Sed

1952 3096 2077 3137 cum
2110 3084 2228 3140 dies
2279 3085 2473 3141 fuisset
2512 3098 2737 3146 exortus
2782 3100 2836 3147 et
2887 3096 3059 3151 turba:
3108 3103 3526 3171 convenissent,

1949 3176 2304 3235 miseratione
2320 3181 2452 3234 moti
2482 3183 2837 3252 proiecerunt
2868 3188 2997 3243 mihi
3030 3190 3429 3252 indumentum.
3459 3199 3529 3254 At

1946 3284 2048 3339 ego
2077 3268 2269 3324 infelix
2304 3269 2521 3329 fletibus
2553 3275 2741 3332 multis
2773 3278 3031 3348 rogabam
3068 3290 3125 3335 ut
3159 3287 3524 3355 requirerent,

1946 3361 2123 3417 sicubi
2173 3360 2476 3418 infelicium
2527 3376 2780 3422 natorum
2834 3372 3047 3439 possint
3107 3376 3353 3436 invenire
3399 3396 3525 3436 cor-

1946 3453 2195 3523 puscula.
2242 3452 2355 3524 Ego
2396 3462 2575 3510 autem
2618 3473 2778 3514 omne
2809 3473 3011 3531 corpus
3056 3480 3235 3520 meum
3265 3469 3525 3530 dentibus

1946 3542 2182 3607 lanians,
2214 3544 2525 3613 planctibus
2550 3554 2604 3601 et
2632 3548 2934 3619 ululatibus
2978 3554 3111 3608 nihil
3143 3557 3290 3613 aliud
3322 3561 3526 3616 clama-

1944 3633 2068 3688 bam
2102 3634 2210 3691 nisi
2236 3674 2252 3702 ,
2286 3632 2390 3689 Ubi
2419 3636 2547 3691 mihi
2580 3638 2790 3697 infelici
2828 3642 3064 3701 Faustus
3095 3658 3211 3715 est,
3249 3651 3339 3707 ubi
3381 3652 3524 3710 Fau-

1941 3726 2165 3784 sﬁnus?

2014 3819 2249 3879 XXVIII.
2289 3822 2355 3878 Et
2399 3841 2523 3881 cum
2566 3827 2682 3884 haec
2731 3829 2937 3886 diceret
2994 3831 3213 3901 Petrus,
3249 3835 3438 3894 Niceta
3468 3849 3523 3896 et

1938 3912 2136 3986 Aquila
2184 3915 2367 3972 subito
2412 3928 2710 3991 assurgunt
2763 3931 2816 3976 et
2872 3924 3164 3994 stupefacti
3210 3932 3519 3999 perturbari

1938 4022 2234 4081 coeperunt.
2272 4012 2518 4069 dicentes
2562 4032 2575 4068 :
2622 4014 2942 4074 Dominator
2994 4016 3223 4077 Domine
3269 4031 3322 4079 et
3374 4023 3517 4082 Deus

1938 4102 2184 4157 omnium
2206 4142 2222 4167 ,
2255 4117 2455 4157 verane
2486 4102 2601 4158 hate
2635 4112 2764 4161 sunt
2784 4146 2798 4170 ,
2826 4119 2894 4159 an
2927 4108 3201 4162 somnium
3247 4120 3330 4166 est
3369 4117 3516 4184 quod

1940 4193 2152 4266 agitur?
2180 4192 2318 4247 Tum
2354 4192 2583 4251 Petrus:
2616 4194 2773 4263 Nisi,
2804 4197 3016 4267 inquit,
3068 4214 3171 4255 nos
3200 4201 3379 4259 insani
3421 4221 3516 4261 su-

1937 4298 2091 4349 mus,
2137 4282 2252 4338 haec
2280 4296 2407 4338 vera
2439 4291 2585 4339 sunt.
2636 4284 2705 4337 At
2739 4284 2811 4337 illi
2850 4285 3130 4356 paululum
3171 4293 3428 4348 remorati
3460 4306 3515 4350 et

1936 4374 2305 4439 confricantes
2350 4368 2542 4431 faciem
2571 4416 2584 4442 ,
2618 4377 2811 4431 aiunt:
2846 4376 2956 4434 Nos
2986 4395 3177 4437 sumus
3213 4381 3509 4443 Faustinus

1546 4531 1927 4589 COTELERII
1959 4529 2190 4587 NOTAE.

326 4706 440 4778 (43)
480 4702 613 4759 Cum
644 4715 804 4755 uxore
828 4698 995 4778 Petri.
1029 4696 1285 4778 Testatur
1311 4696 1827 4778 Hieronymuseon-
1858 4703 1903 4758 D
1933 4690 2685 4778 beatissimumoppiduniest
2711 4710 2725 4746 :
2758 4691 2914 4778 cujus
2943 4691 3509 4778 episcoplusﬁEuphra-

254 4765 343 4834 tra
380 4765 1048 4847 «Ιὸνίιιὶειιιιιιιιηερτίῠεξιιε2
1094 4768 1201 4847 legi
1242 4768 1303 4847 in
1340 4765 1580 4847 Periodis
1606 4773 1662 4821 et
1688 4781 1827 4847 uxo-

249 4866 366 4906 rem
421 4846 566 4901 Petri
612 4851 665 4897 et
713 4842 895 4896 tiliam.
931 4838 1004 4891 Ea
1036 4838 1202 4908 igitur
1230 4841 1561 4898 Circuituum
1588 4851 1736 4905 pars,
1771 4838 1825 4890 in

251 4936 358 4992 qua
389 4923 456 4992 de
484 4916 629 4992 Petri
662 4914 766 4966 lilia
792 4909 1181 4992 (fetronillarh
1208 4913 1405 4962 vocant
1428 4912 1444 4975 )
1470 4922 1651 4992 sermo
1679 4914 1821 4992 erat,

252 4982 399 5044 nunc
425 4986 783 5042 desideratur.
804 4982 1040 5058 Uxorem
1068 4986 1248 5058 alitem
1279 4984 1827 5058 memorant_pr;aete_r:

250 5077 312 5116 ea
339 5060 591 5114 Clemens
618 5053 1041 5114 Alexandrinus,
1074 5048 1276 5104 Strom.
1305 5064 1399 5107 vu.
1430 5063 1553 5116 pag.
1583 5049 1705 5111 756,
1729 5048 1821 5103 ubi

252 5129 573 5201 martyrium
618 5126 765 5179 illius
796 5122 984 5201 refert;
989 5120 1168 5201 verbis
1195 5136 1322 5201 quae
1341 5120 1581 5201 citantur
1615 5121 1682 5174 ab
1708 5118 1821 5201 Eii--

250 5188 424 5263 sebio',
460 5198 667 5251 Hister.
705 5212 783 5257 ιιι,
811 5195 914 5258 50;
946 5188 1230 5263 Origenes,
1258 5189 1323 5263 ad
1342 5188 1529 5244 Matth.
1558 5205 1671 5254 xu,
1711 5190 1815 5258 27;

252 5259 617 5340 Epiphanius,
637 5266 829 5320 haeresi
857 5259 1134 5340 ὅθιηιιιιιιιἶ
1145 5260 1235 5328 22;
1251 5259 1638 5340 ‘Hi‘eronlvmus,
1655 5264 1814 5340 epist.

249 5329 527 5411 ζῆν’-ηψπ
558 5329 1261 5411 Hincmarus,_Epistola_gd
1288 5329 1577 5411 Ποάμιιξιῃι
1603 5343 1653 5411 (ἕ
1677 5329 1818 5386 pro-

251 5401 466 5473 tarium',
490 5417 626 5465 sect.
658 5408 710 5461 8.
740 5403 1055 5475 Appellatur
1085 5401 1593 5475 in_l_iiartyrologiis_
1613 5401 1813 5474 Perpe-

251 5486 340 5535 tua
396 5472 457 5536 in
500 5472 1091 5543 Chronico—Simeonis
1140 5473 1539 5543 Metaphrastae,
1580 5472 1814 5528 loco'ad

249 5545 539 5607 Constitui.
571 5566 650 5611 ιιι,
676 5546 729 5610 6,
756 5546 940 5606 allato,
974 5542 1217 5610 Joanna;
1246 5542 1390 5613 quod
1419 5544 1583 5613 etiam
1616 5559 1823 5600 nomen

250 5624 405 5675 matri
442 5622 584 5676 Petri
616 5619 806 5673 tribuit
838 5614 1111 5685 Indi-culus
1144 5611 1357 5683 positus
1397 5614 1464 5668 ad
1492 5611 1720 5668 Constit.
1749 5631 1810 5680 ιι,

250 5688 334 5744 65.
1302 5728 1309 5736 .

320 5761 427 5833 (ti)
483 5762 720 5817 Venimus
760 5758 1044 5813 Balaneas.
1096 5755 1341 5811 Balaneac
1388 5763 1478 5810 aut
1530 5758 1807 5825 Balanazze,

1933 4760 2058 4838 ti0n_
2083 4760 2404 4838 laudaturja'
2431 4760 2489 4819 S.
2516 4763 2835 4838 Athanasio,
2867 4760 3203 4838 4411919515qu
3225 4760 3365 4838 fuga'
3387 4785 3507 4838 sua,

1936 4831 2098 4900 paulo
2127 4839 2249 4899 post
2272 4832 2508 4893 initium,
2534 4840 2594 4905 et
2616 4832 2855 4905 Epistola
2884 4831 2951 4886 nd
2972 4831 3350 4905 So’ﬂtaridsfp.
3377 4831 3506 4902 8l2,

1933 4916 2244 4973 quanquam
2269 4912 2547 4973 postremo
2584 4903 2636 4955 in
2676 4904 2795 4956 loco
2832 4919 3113 4972 perperam
3140 4903 3449 4973 ediderunt,
3479 4911 3510 4962 ὁ

1933 4973 1990 5025 ὲν
2021 4971 2313 5041 Καλαγαῖς.
2349 4971 2488 5041 Lege
2520 4975 2548 5026 ὁ
2572 4975 2628 5025 ἐν
2654 4971 2965 5037 Βαλανέαις.

2004 5040 2115 5111 (43)
2159 5039 2291 5120 Inde
2330 5039 2650 5120 accessimus
2689 5043 2857 5097 Pallio
2900 5042 3121 5120 [Paltgn
3158 5044 3507 5120 Cot.]._[’alti

1932 5111 2485 5193 quoqueepiseopum
2522 5111 3025 5193 celebratnmagnus
3053 5111 3319 5193 Ecclesiae
3338 5116 3509 5187 Magi-

1932 5191 2043 5235 ster
2076 5182 2207 5235 locis
2238 5182 2436 5246 citatis,
2479 5197 2689 5237 necnon
2740 5183 2978 5245 Ep'stola
3012 5184 3081 5238 ad
3109 5182 3504 5243 Antiochensis.

1933 5250 2040 5327 Sed
2066 5250 2210 5327 apud
2231 5251 2677 5327 _Thend_oritum,_
2705 5252 2909 5307 Ηίθεοι.
2950 5254 3042 5309 lib.
3075 5271 3146 5327 ιι,
3171 5271 3291 5327 cap.
3326 5257 3414 5317 12,
3451 5259 3503 5311 in

1929 5321 2109 5395 verbis
2160 5320 2466 5395 Athanasii,
2512 5331 2570 5377 et
2596 5325 2884 5395 episcopus
2924 5332 2978 5379 et
3022 5326 3214 5382 civitas
3239 5320 3352 5382 non
3403 5344 3506 5383 suo

1930 5391 2152 5461 nomine
2174 5394 2543 5461 appellantur.
2629 5391 2644 5393 ⁷
2785 5391 2798 5395 ’
3335 5430 3346 5443 .

2000 5460 2112 5537 (Ilii)
2144 5460 2367 5537 Gabeia.
2391 5461 2550 5537 Ii'ine,
2573 5472 2627 5517 et
2653 5463 3081 5537 per_superior_a.
3107 5465 3255 5519 nullo
3285 5467 3504 5537 negotio

1929 5531 2231 5601 corrigetur
2280 5532 2587 5602 Sophonius
2635 5531 2702 5587 de
2743 5531 2902 5589 Petro
2933 5543 2986 5589 et
3017 5533 3205 5600 Paulo,
3236 5531 3381 5591 tom:
3410 5535 3504 5591 VII

1928 5602 2270 5676 pjbtiotlgeca:
2301 5602 2519 5676 Patrum
2550 5602 2898 5673 Parisiensis,
2926 5614 2979 5661 et
3011 5606 3152 5676 apud
3184 5606 3405 5663 Surium
3431 5608 3507 5667 ad

1928 5672 1997 5728 29
2018 5670 2185 5741 Junii,
2216 5688 2365 5731 num.
2400 5673 2451 5727 5.
