4022 6274
555 376 693 432 1567

1375 374 1434 434 S.
1473 374 1911 433 CLEMENTISI
1948 373 2116 431 ROM.
2158 374 2362 431 PONT.
2390 374 2617 432 OPERA
2655 377 2900 435 DUBIA.

3666 380 3775 439 I568

553 500 607 547 ot
634 486 889 546 Faustus.
922 488 1029 546 Sed
1058 488 1212 546 etab
1245 488 1405 546 initio
1449 506 1573 545 cum
1622 505 1850 546 narrare
1874 490 2129 559 coepisti,
2165 511 2207 565 Α
2236 502 2493 562 poterunt
2537 502 2591 549 et
2633 511 2743 549 ima
2792 505 2970 551 tecum
3005 497 3169 565 etiam
3215 511 3319 553 nos
3359 495 3653 553 audiemus.
3693 496 3775 555 Ubi

555 585 739 637 statim
773 586 826 637 in
872 583 1242 653 suspicionem
1274 582 1590 648 incidimus,
1623 598 1691 637 ne
1738 581 1877 638 forte
1923 583 1988 636 ad
2034 598 2137 638 nos

554 678 891 746 pertinerent
940 691 1060 745 qua:
1108 675 1463 741 dicebantur;
1507 691 1705 731 rursus
1739 681 1920 729 tamen
1955 676 2138 729 consi-

552 768 807 821 derantes
837 767 1005 820 multa
1054 767 1254 821 similia
1301 766 1552 821 accidere
1600 767 1653 820 in
1682 766 1793 819 vita
1825 767 2133 829 hominum,

554 859 896 919 reticuimus,
916 859 1045 913 licet
1072 872 1171 912 eor
1188 866 1438 913 nostrum
1469 873 1565 929 spe
1587 858 1775 929 aliqua
1800 859 2134 928 pulsaretur.

552 950 970 1021 Aspieiebamus
1000 964 1130 1021 ergo
1163 950 1228 1004 ad
1260 950 1419 1004 tinem
1454 950 1749 1013 sermonis,
1774 958 1854 1015 ut,
1877 951 1923 1005 si
1955 951 2022 1005 ad
2053 952 2137 1006 in-

551 1052 765 1113 tegrum
803 1041 871 1097 de
894 1042 1055 1097 nobis
1085 1057 1208 1098 esse
1231 1049 1539 1108 constaret,
1569 1050 1684 1096 tum
1716 1042 2034 1098 fateremur.
2070 1043 2136 1097 Et

551 1151 676 1190 cum
707 1135 823 1190 haec
853 1134 1158 1204 dixissent,
1188 1135 1558 1207 lacrymantes
1592 1136 2036 1207 ingrediebantur
2067 1138 2135 1191 ad

550 1235 803 1281 matrem.
860 1226 1032 1291 Quam
1086 1242 1210 1281 cum
1268 1228 1603 1297 reperissent
1651 1229 2026 1298 quiescentem
2080 1236 2136 1283 et

549 1320 841 1389 complecti
873 1320 1095 1383 vellent,
1147 1319 1429 1390 prohibuit
1461 1318 1660 1376 Petrus
1692 1321 1882 1375 dicens
1911 1337 1922 1371 :
1962 1320 2136 1377 Sinite

549 1426 637 1467 me
668 1412 820 1481 prius
850 1426 1159 1482 przeparare
1187 1413 1404 1467 animos
1427 1414 1623 1468 matris
1640 1422 1693 1467 et
1725 1413 1798 1467 ita
1817 1430 1916 1471 vos
1939 1413 2136 1471 oﬂerre

549 1502 621 1569 ei,
654 1519 725 1558 ne
761 1503 901 1558 forte
931 1505 1106 1557 multo
1135 1512 1189 1559 et
1220 1504 1407 1560 subito
1436 1505 1637 1576 gaudio
1687 1514 1870 1561 mente
1914 1507 2134 1562 excidat

547 1602 603 1649 et
632 1611 827 1650 sensus
855 1596 976 1664 ejus
1014 1597 1266 1651 turbetur
1289 1637 1305 1663 ,
1336 1598 1575 1653 maxime
1613 1598 1744 1669 quia
1788 1614 1937 1654 nunc
1970 1600 2132 1655 etiam

548 1701 742 1741 somno
772 1695 1037 1757 occupata
1062 1694 1266 1757 stupet.

616 1775 808 1833 XXIX.
868 1779 1037 1849 Igitur
1097 1779 1191 1834 ubi
1236 1787 1412 1835 mater
1457 1781 1769 1835 exsurrexit
1824 1796 1855 1835 e
1912 1797 2129 1848 somno,

2241 586 2355 641 hzec
2397 586 2592 642 Petrus
2641 587 2810 653 dixit,
2863 596 3039 643 mater
3075 589 3248 644 nimio
3286 590 3486 659 gaudio
3521 590 3776 660 intercepta

2240 679 2476 739 corruit,
2507 687 2561 733 et
2600 680 2821 733 tandem
2858 680 3156 750 aliquando
3187 690 3438 752 reparata
3465 690 3617 751 atque
3646 681 3691 735 in
3711 699 3776 738 se-

2240 770 2525 840 metipsam
2576 785 2861 839 regressa,
2914 770 2990 823 ait
3024 789 3038 826 :
3074 768 3316 825 Obsecro
3374 788 3492 835 vos,
3518 770 3775 826 dulcissimi

2240 862 2365 924 lilii.
2407 862 2577 917 dicite
2613 862 2779 925 mihi,
2815 879 2937 933 qua:
2982 864 3283 919 acciderint
3314 864 3471 919 vobis
3520 872 3635 933 post
3660 864 3775 917 illam

2239 953 2462 1010 feralem
2492 962 2545 1009 et
2574 954 3010 1009 crudelissimam
3042 966 3279 1011 noctem.

2306 1042 2522 1099 XXXII.
2564 1042 2703 1098 Tum
2729 1043 2917 1099 Niceta
2944 1045 3109 1114 etrapit
3153 1046 3338 1101 dicere
3366 1066 3379 1101 :
3412 1045 3471 1099 In
3500 1044 3587 1098 illa
3625 1053 3771 1109 nocte,

2238 1152 2271 1191 ο
2298 1144 2493 1204 mater,
2525 1153 2650 1193 cum
2682 1138 2839 1192 navis
2872 1136 3066 1193 fuisset
3098 1140 3340 1194 resoluta
3370 1148 3425 1193 et
3453 1153 3549 1192 nos
3575 1138 3775 1193 inniten-

2240 1239 2320 1286 tes
2344 1230 2650 1302 fragmento
2681 1229 2898 1284 cuidam
2932 1231 3244 1285 tabularum
3277 1246 3376 1299 per
3406 1231 3619 1301 pelagus
3634 1230 3775 1298 jacta-

2237 1338 2460 1387 remur,
2493 1323 2595 1377 viri
2631 1322 2854 1392 quidam
2879 1323 3082 1393 quibus
3115 1339 3210 1392 per
3242 1322 3567 1393 profundum
3592 1321 3773 1376 latroci-

2237 1410 2356 1465 nari
2420 1412 2711 1466 artiﬁcium
2771 1420 2890 1478 est,
2954 1420 3204 1484 repertos
3266 1413 3637 1483 imposuerunt
3696 1426 3773 1465 nos

2237 1504 2505 1559 navicula:
2536 1520 2669 1571 sum,
2702 1514 2757 1560 et
2786 1506 2954 1562 remis
2984 1505 3254 1560 undarum
3287 1506 3526 1561 vortices
3555 1519 3771 1574 superan-

2236 1603 2349 1657 tes.
2405 1597 2639 1653 diversis
2685 1597 2977 1654 itineribus
3020 1597 3331 1653 Ctesarcam
3386 1596 3645 1651 Stratonis
3678 1611 3771 1666 per-

2236 1682 2551 1750 duxerunt,
2588 1685 2772 1756 ibique
2804 1686 3105 1757 afﬂigentes
3136 1704 3236 1743 nos
3286 1688 3450 1754 fame,
3480 1687 3768 1748 verberibus.

2238 1784 2387 1831 metu
2412 1817 2426 1841 ,
2466 1777 2543 1830 uti
2589 1793 2656 1831 ne
2685 1779 2830 1848 quod
2872 1786 3017 1835 esset
3052 1781 3106 1833 in
3148 1795 3278 1835 vero
3308 1779 3667 1849 proderemus,
3694 1779 3771 1831 im-

545 1871 751 1941 alloqui
805 1887 924 1926 eam
968 1871 1165 1927 Petrus
1196 1873 1363 1942 caepit
1413 1873 1644 1930 dicens;
1683 1872 1839 1929 Scire
1884 1883 1937 1929 te
1984 1876 2130 1941 νοιο,
2166 1866 2208 1920 Β
2238 1869 2464 1923 mutatis
2496 1868 2660 1923 etiam
2705 1871 3023 1926 nominibus
3068 1871 3276 1927 nostris
3329 1870 3671 1925 vendiderunt
3695 1884 3772 1924 nos

543 1962 763 2028 mulier,
809 1964 1091 2034 religionis
1120 1972 1323 2019 nostrae
1354 1966 1787 2024 observantiam.
1816 1967 1929 2023 Nos
1965 1984 2135 2023 unum

546 2054 781 2110 colimus
815 2055 982 2110 Deum
1014 2058 1110 2125 qui
1162 2056 1292 2110 fecit
1340 2058 1635 2121 mundum,
1682 2058 1848 2128 hujus
1880 2068 1933 2115 et
1961 2060 2136 2129 legem

543 2164 866 2211 servamus,
899 2165 1007 2217 qua
1044 2148 1265 2202 mandat
1297 2150 1350 2203 in
1396 2152 1589 2219 primis
1636 2153 1814 2221 ipsum
1847 2153 2136 2207 colendum

544 2248 599 2293 et
633 2255 831 2294 nomen
864 2240 985 2309 ejus
1018 2241 1414 2305 venerandum,
1470 2250 1728 2312 parentes
1760 2243 2134 2307 honorandos,

544 2332 869 2402 pudicitiam
912 2333 1293 2403 justitiamque
1340 2333 1689 2390 servandam.
1742 2333 1849 2389 Sed
1899 2342 1954 2390 et
1999 2334 2137 2388 illud

544 2424 929 2495 observamus,
958 2440 1205 2479 mensam
1237 2441 1363 2479 cum
1413 2426 1709 2496 gentilibus
1754 2443 1867 2482 non
1931 2426 2136 2483 habere

544 2531 931 2581 communem,
965 2517 1072 2571 nisi
1105 2533 1231 2572 cum
1282 2519 1619 2574 crediderint
1660 2527 1714 2574 et
1746 2526 1964 2590 recepta
1994 2520 2138 2576 veri-

542 2617 656 2663 tate
686 2609 947 2679 baptizati
978 2610 1215 2678 fuerint,
1248 2626 1312 2665 ac
1346 2612 1492 2666 trina
1516 2612 1754 2684 quadam
1784 2613 1931 2667 beati
1959 2613 2137 2666 nomi-

543 2702 634 2756 nis
669 2702 1017 2758 invocatione
1049 2706 1390 2768 consecrati,
1440 2713 1493 2759 et
1523 2715 1653 2760 tunc
1683 2721 1806 2759 cum
1840 2706 1921 2761 eis
1952 2705 2134 2759 cibum

547 2796 840 2851 sumimus.
884 2796 1143 2866 Alioquin
1174 2798 1340 2852 etiam
1384 2800 1428 2854 si
1472 2808 1629 2870 pater
1657 2808 1751 2853 aut
1781 2807 1956 2854 mater
2000 2799 2133 2863 sint,

549 2894 644 2939 aut
676 2903 814 2941 uxor
863 2895 956 2941 aut
1005 2888 1100 2941 lilii
1137 2896 1229 2942 aut
1272 2888 1500 2951 fratres,
1531 2905 1643 2943 non
1676 2904 1971 2959 possumus
2009 2904 2135 2942 cum

546 2978 629 3033 eis
668 2994 909 3033 mensam
944 2980 1145 3035 habere
1175 2996 1544 3036 communem.
1578 2979 1719 3046 Quia
1748 2995 1879 3050 ergo
1910 2978 2133 3049 religio-

547 3072 637 3125 nis
666 3086 833 3127 causa
868 3074 1146 3142 pneciptm
1180 3074 1284 3126 hoc
1332 3073 1590 3135 facimus,
1625 3088 1735 3127 non
1777 3071 1873 3125 tibi
1905 3070 2136 3141 injurio—

548 3178 673 3218 sum
702 3163 975 3228 videatur,
1008 3165 1297 3235 quodnon
1330 3171 1510 3233 potest
1541 3164 1690 3218 filius
1734 3170 1869 3219 tuus
1915 3177 2023 3216 una
2051 3167 2135 3217 tc-

549 3270 675 3309 cum
727 3272 945 3310 sumere
975 3256 1196 3321 cibum,
1238 3270 1525 3326 usquequo
1553 3254 1745 3309 eadem
1779 3254 1878 3308 tibi
1909 3253 1981 3309 sit
2014 3268 2135 3323 quae

548 3345 629 3399 illi
657 3348 927 3401 sententia
960 3347 1108 3401 fidei.

624 3435 789 3490 XXX.
832 3437 1044 3502 Quibus
1073 3437 1163 3490 illa
1193 3437 1432 3502 auditis,
1464 3436 1530 3490 Et
1561 3436 1716 3507 quid,
1750 3436 1961 3508 inquit,
1988 3446 2136 3493 vetat

550 3526 715 3582 hodie
753 3543 840 3583 me.
871 3529 1180 3599 baptizari?
1201 3545 1323 3599 qua:
1351 3527 1516 3584 etiam
1556 3529 1877 3600 priusquam
1909 3536 1964 3585 te
1986 3531 2137 3586 vide-

550 3635 665 3675 rem
686 3662 702 3686 ,
734 3620 859 3677 illos
883 3638 1024 3692 quos
1053 3621 1244 3677 dicunt
1274 3622 1409 3679 deos
1452 3624 1959 3694 penitusaversata
1988 3640 2133 3689 sum,

551 3714 701 3782 quod
730 3713 864 3767 mihi
908 3712 1223 3784 frequenter
1258 3722 1313 3768 et
1360 3730 1498 3783 pene
1529 3714 1778 3785 quotidie
1806 3715 2137 3770 sacrificanti

553 3807 659 3863 sibi
708 3814 971 3877 praestare
1023 3814 1323 3878 potuerunt
1368 3808 1527 3862 nihil.
1576 3807 1711 3862 Nam
1757 3809 1825 3865 de
1868 3808 2136 3879 pudicitia

552 3900 683 3969 quid
708 3900 923 3954 dicam?
949 3914 1073 3954 cum
1106 3915 1191 3954 me
1214 3915 1390 3969 neque
1417 3910 1548 3955 tunc
1570 3900 1781 3955 deliciae
1798 3900 2133 3970 deceperint,

552 4009 731 4064 neque
759 4009 907 4047 nunc
937 4002 1154 4065 egestas
1200 4011 1428 4064 peccare
1461 3996 1810 4066 compulerit.
1847 3994 1997 4052 Satis
2038 4012 2135 4050 au-

554 4095 665 4143 tem
690 4094 823 4157 puto
858 4088 1168 4142 innotuisse
1197 4088 1319 4154 tibi,
1352 4096 1590 4158 quantus
1621 4088 1752 4142 mihi
1781 4088 1983 4143 exinde
2020 4086 2140 4143 fue-

551 4179 625 4233 rit
652 4194 807 4232 amor
833 4178 1130 4248 pudicitia},
1163 4196 1285 4249 qua:
1320 4188 1373 4234 ut
1408 4181 1695 4236 evaderem
1724 4182 1902 4236 illiciti
1932 4183 2137 4237 amoris

555 4272 786 4327 insidias
817 4273 1091 4326 somnium
1124 4273 1278 4351 tinxi,
1315 4284 1373 4327 ut
1402 4291 1526 4329 cum
1552 4274 1775 4332 duobus
1798 4275 1935 4331 meis
1966 4276 2139 4345 genii.

554 4364 641 4419 nis
672 4365 1079 4435 peregrinarcr,
1106 4372 1159 4419 et
1188 4365 1339 4421 hunc
1390 4368 1564 4421 solum
1599 4367 1770 4421 tilium
1803 4383 1981 4422 meum
2012 4366 2138 4423 Cle-

554 4465 795 4512 mentem
845 4459 915 4512 ad
965 4460 1223 4515 solatium
1258 4460 1399 4531 patri
1434 4460 1650 4530 reliqui.
1702 4459 1758 4513 Si
1812 4462 1958 4514 enim
2001 4460 2136 4516 mihi

2238 1959 2455 2014 cuidam
2503 1961 2713 2025 viduae,
2755 1962 2997 2017 honesta:
3036 1964 3329 2018 admodum
3380 1964 3602 2026 feminae,
3639 1961 3772 2017 Iusta!

2238 2053 2489 2120 nomine;
2523 2070 2643 2124 qua:
2690 2070 2813 2109 eum
2856 2058 3115 2121 emisset,
3158 2057 3351 2112 habuit
3384 2058 3500 2113 loco
3546 2057 3768 2115 ﬁliorum.

2239 2143 2313 2196 ita
2347 2152 2405 2199 ut
2433 2145 2596 2200 etiam
2629 2144 2835 2201 Grzecis
2866 2162 2966 2201 nos
2998 2148 3195 2203 litteris
3219 2156 3272 2203 et
3304 2149 3611 2204 liberalibus
3636 2157 3773 2202 atten-

2240 2236 2449 2292 tissime
2478 2238 2741 2293 erudiret.
2773 2238 2875 2293 Ubi
2901 2256 3031 2294 vero
3061 2241 3424 2305 adolevimus,
3450 2242 3603 2297 etiam
3632 2240 3772 2310 philo-

2240 2330 2535 2398 sophorum
2586 2332 2785 2388 studiis
2817 2348 3037 2401 operam
3071 2332 3326 2388 dedimus
3350 2376 3363 2401 ,
3396 2350 3500 2403 quo
3533 2347 3770 2404 possemus

2239 2423 2520 2495 religionis
2549 2424 2748 2479 divinae
2775 2426 3031 2495 dogmata
3070 2426 3470 2498 philosophicis
3496 2426 3769 2496 disputatio-

2240 2514 2403 2569 nibus
2435 2524 2749 2571 asserentes
2772 2516 3058 2571 confutare
3086 2519 3342 2588 gentiles.

2310 2605 2546 2663 XXXIII.
2588 2605 2799 2663 Simoni
2845 2617 3022 2663 autem
3060 2609 3283 2663 cuidam
3320 2623 3477 2680 mago
3516 2607 3600 2677 qui
3623 2604 3770 2659 nobis-

2238 2717 2363 2757 cum
2393 2716 2501 2756 una
2524 2701 2790 2756 educatus
2812 2708 2926 2764 est,
2962 2716 3063 2771 pro
3093 2701 3359 2756 amicitiis
3381 2709 3433 2755 et
3466 2699 3641 2770 puerili
3666 2712 3770 2750 cono

2238 2794 2531 2849 suetudine
2579 2792 2954 2860 adhaesimus,
3004 2794 3078 2846 ita
3128 2800 3186 2847 ut
3238 2809 3381 2864 pene
3429 2794 3494 2848 ab
3536 2800 3595 2847 eo
3631 2788 3765 2857 decipi

2237 2896 2546 2951 possemus.
2570 2880 2765 2937 Fertur
2786 2881 2930 2936 enim
2965 2881 3021 2935 in
3046 2882 3316 2952 religione
3340 2891 3523 2939 nostra
3549 2894 3701 2936 sermo
3718 2878 3768 2931 de

2239 2974 2503 3044 propheta
2532 2974 2770 3043 quodam
2798 3015 2813 3039 ,
2840 2974 2999 3043 cujus
3033 2973 3102 3027 ab
3126 2975 3391 3031 omnibus
3428 2975 3517 3046 qui
3566 2967 3767 3041 religioni

2239 3066 2367 3120 huic
2394 3066 2710 3121 deserviunt
2741 3073 3057 3136 speraretur
3086 3066 3379 3131 adventus,
3410 3082 3503 3137 per
3528 3079 3667 3137 quem
3691 3063 3768 3115 im-

2238 3160 2486 3215 mortalis
2527 3168 2580 3215 et
2614 3160 2771 3215 beata
2801 3161 2911 3214 vita
2946 3160 3305 3217 credentibus
3336 3161 3511 3215 danda
3553 3152 3769 3228 promitti-

2239 3257 2349 3304 tur.
2383 3248 2541 3303 Hunc
2569 3265 2700 3320 ergo
2730 3266 2833 3305 nos
2862 3252 3187 3320 putabamus
3215 3267 3343 3307 esse
3385 3249 3658 3305 Simonem.
3686 3242 3765 3297 Sed

2240 3344 2355 3398 haec
2379 3342 2498 3407 tibi,
2525 3349 2721 3407 mater,
2757 3344 3121 3412 opportunius
3146 3350 3509 3414 exponentur.
3540 3340 3639 3396 Nos
3658 3340 3766 3392 inte-

2238 3436 2344 3488 rim
2376 3450 2500 3489 cum
2530 3450 2669 3505 pene
2691 3434 2804 3503 jam
2834 3436 3212 3505 deciperemur
3240 3451 3274 3490 a
3315 3437 3558 3501 Simone,
3587 3430 3763 3504 quidam

2238 3528 2447 3598 collega
2476 3526 2687 3582 domini
2709 3529 2816 3582 mei
2844 3526 3318 3594 Petri,Zacch:£us
3342 3530 3573 3593 nomine,
3599 3520 3765 3580 monuit

2238 3638 2309 3678 ne
2338 3620 2656 3676 falleremur
2686 3635 2717 3673 a
2748 3635 2909 3691 mago
2934 3661 2950 3686 ,
2984 3620 3079 3676 sed
3129 3622 3333 3676 obtulit
3382 3637 3481 3677 nos
3508 3612 3765 3674 advenienti

2238 3713 2405 3769 Petro
2430 3722 2490 3767 ut
2518 3714 2588 3768 ab
2618 3714 2739 3784 ipso
2772 3730 2893 3783 quae
2927 3722 3085 3769 erant
3118 3729 3251 3769 sana
3284 3721 3337 3769 et
3372 3713 3600 3785 perfecta
3640 3708 3765 3762 doce-

2238 3822 2459 3874 remur;
2485 3806 2631 3875 quod
2664 3812 2719 3860 et
2748 3805 2846 3859 tibi
2869 3813 3124 3875 Optamus
3147 3806 3391 3870 evenire,
3418 3805 3552 3859 sicut
3575 3808 3623 3855 et
3644 3793 3763 3852 nobis

2239 3905 2515 3958 concessit
2534 3901 2699 3965 Deus,
2715 3912 2775 3956 ut
2802 3902 3076 3972 possimus
3099 3906 3263 3958 etiam
3293 3903 3472 3957 cibum
3496 3910 3545 3955 et
3567 3905 3760 3952 mensam

2241 3997 2441 4053 habere
2493 4011 2861 4051 communem.
2914 3994 3053 4050 Hinc
3083 4008 3214 4066 ergo
3262 3996 3394 4057 fuit,
3448 4002 3625 4058 mater,
3653 3983 3761 4059 quod

2239 4105 2341 4146 nos
2374 4105 2404 4142 a
2434 4088 2629 4159 piratis
2658 4097 2865 4159 raptos,
2890 4096 2946 4143 tu
2978 4090 3034 4143 in
3065 4090 3205 4143 mari
3235 4090 3522 4145 defunctos
3548 4098 3656 4141 esse
3677 4092 3762 4134 cre-

2239 4184 2449 4240 didisti.

2310 4277 2549 4333 XXXIV.
2593 4278 2729 4333 Cum
2761 4278 2876 4331 lucc
2907 4275 3140 4331 dixisset
3163 4274 3352 4329 Niceta
3377 4315 3389 4335 ,
3432 4279 3593 4327 mater
3615 4271 3759 4321 nostra

2239 4371 2476 4442 procidit
2502 4370 2568 4425 ad
2602 4369 2767 4440 pedes
2801 4368 2985 4432 Petri,
3018 4383 3218 4438 rogans
3242 4376 3296 4422 et
3331 4368 3631 4424 obsecrans,
3657 4365 3702 4411 ul
3723 4360 3762 4407 et

2242 4465 2476 4534 seipsam
2526 4470 2580 4517 et
2619 4463 2889 4532 hospitam
2936 4476 3089 4516 suam
3128 4469 3379 4515 evocaret
3422 4459 3533 4513 sine
3562 4465 3688 4509 mora
3715 4458 3762 4498 ac

554 4551 665 4603 duo
716 4550 807 4603 vix
851 4549 1227 4615 sufficiebant,
1276 4562 1485 4622 quanto
1537 4552 1711 4622 magis
1754 4553 2139 4609 contristasset
2170 4557 2213 4611 D
2242 4556 2565 4626 baptizaret,
2594 4555 2674 4608 uti
2704 4570 2772 4607 ne
2803 4568 2912 4607 una
2941 4595 2954 4619 ,
2981 4553 3198 4623 inquit,
3233 4553 3321 4608 die
3352 4552 3592 4606 damnum
3626 4541 3762 4614 patiar

554 4651 803 4711 patrem,
845 4644 891 4698 si
936 4644 1146 4697 nullum
1191 4645 1410 4714 penitus
1442 4645 1763 4700 habuisset?
1813 4644 1943 4699 Erat
1987 4647 2132 4700 enim

552 4732 724 4787 miser
755 4733 947 4802 grandi
979 4733 1179 4788 alfectu
1211 4750 1338 4803 erga
1365 4736 1525 4797 tilios,
1562 4736 1638 4788 ita
1664 4744 1723 4789 ut
1747 4735 1833 4789 vix
1861 4736 1909 4790 ei
1937 4737 2135 4791 somnii

555 4826 857 4879 auctoritas
883 4836 1253 4897 extorqueret,
1286 4827 1608 4883 Faustinum
1643 4836 1696 4883 et
1728 4827 1987 4884 Faustum
2013 4829 2136 4885 Cle-

488 4926 493 4929 ‘
555 4920 756 4974 mentis
787 4920 950 4988 hujus
979 4920 1179 4975 fratres
1227 4922 1357 4974 mihi
1393 4923 1729 4985 concedere,
1779 4928 1833 4976 et
1866 4921 1985 4994 ipse
2016 4922 2135 4979 solo

557 5019 847 5067 contentus
876 5022 1024 5069 esset
1056 5014 1357 5071 Clemente.

627 5100 820 5161 XXXI.
863 5106 988 5161 Haec
1019 5107 1110 5161 illa
1159 5122 1283 5161 cum
1310 5109 1552 5173 diceret,
1587 5110 1731 5163 ultra
1764 5124 1871 5162 non
1900 5107 2136 5162 ferentes

557 5195 757 5253 fratres
786 5198 891 5253 mei
918 5200 1138 5253 irruunt
1164 5200 1219 5253 in
1238 5203 1562 5272 complexus
1589 5204 1779 5257 matris
1796 5217 1921 5257 cum
1948 5200 2137 5256 multis

558 5291 837 5362 Iacrymis,
870 5300 923 5346 et
954 5294 1280 5347 osculantur
1304 5310 1441 5348 eam.
1468 5296 1535 5348 At
1565 5295 1687 5349 illa:
1711 5294 1855 5360 Quid
1889 5294 2026 5357 vult,
2061 5292 2138 5345 in-

557 5384 695 5452 quit,
730 5384 833 5438 hoc
864 5386 1021 5440 esse?
1041 5385 1177 5441 Tum
1212 5386 1403 5442 Petrus
1430 5404 1443 5437 :
1475 5386 1890 5451 Noloturberis,
1918 5384 2135 5447 mulier,

557 5486 819 5532 constans
848 5486 1005 5547 esto;
1049 5480 1138 5534 isti
1187 5488 1315 5536 sunt
1364 5480 1661 5536 Faustinus
1686 5487 1740 5535 et
1770 5478 2007 5535 Faustus
2042 5475 2137 5531 lilii

556 5568 637 5622 tui
662 5585 802 5638 quos
828 5572 880 5624 in
915 5571 1186 5641 profundo
1220 5574 1429 5643 perisse
1454 5574 1713 5638 dicebas;
1739 5572 2016 5641 quomodo
2046 5586 2139 5624 au-

556 5670 668 5716 tem
707 5664 893 5717 vivant
932 5674 985 5718 et
1026 5667 1302 5736 quomodo
1346 5669 1401 5721 in
1447 5668 1537 5721 illa
1570 5666 1823 5720 horribili
1869 5672 2032 5719 nocte
2070 5665 2138 5719 de

554 5754 833 5827 profundo
858 5760 1153 5823 evaserint,
1173 5769 1227 5814 et
1246 5760 1701 5829 quemadmodum
1728 5759 1869 5813 alius
1894 5760 2135 5827 ipsorum

555 5844 745 5901 Niceta
797 5854 848 5900 et
885 5848 1024 5901 alius
1076 5849 1267 5917 Aquila
1315 5848 1544 5911 dicatur,
1583 5848 1683 5916 ipsi
1724 5849 1821 5901 tibi
1861 5859 2137 5915 exponere

2240 4647 2506 4703 consortii
2539 4654 2593 4701 et
2623 4645 2904 4701 societatis
2945 4654 3200 4699 natorum
3242 4659 3505 4700 meorum.
3548 4635 3761 4693 Similiter

2238 4750 2417 4795 autem
2446 4747 2500 4794 et
2530 4754 2631 4793 nos
2664 4738 2759 4792 filii
2787 4738 2908 4806 ejus
2938 4737 3268 4807 rogabamus
3303 4736 3536 4792 Petrum.
3569 4732 3629 4785 At
3654 4728 3757 4781 ille:

2238 4832 2377 4899 Quid
2424 4832 2671 4901 putatis,
2718 4831 2928 4901 inquit,
2960 4830 3086 4901 quia
3130 4846 3231 4899 ego
3275 4828 3645 4883 immisericors
3665 4831 3758 4873 sum

2239 4926 2411 4993 solus,
2445 4932 2497 4979 et
2521 4924 2648 4979 nolo
2672 4939 2771 4979 vos
2802 4924 2995 4978 matris
3028 4922 3281 4977 convivio
3313 4919 3545 4977 sociari?
3570 4913 3661 4968 Sed
3682 4923 3758 4963 ne-

2238 5033 2392 5073 cesse
2421 5026 2504 5073 est
2532 5033 2650 5071 eam
2691 5018 2773 5070 vel
2806 5032 2914 5070 una
2943 5017 3031 5071 die
3069 5016 3320 5087 jejunare
3356 5015 3503 5085 prius
3534 5017 3581 5064 et
3602 5008 3665 5060 ita
3686 5002 3759 5054 ω.

2239 5111 2455 5181 ptizari,
2491 5118 2544 5165 ct
2574 5111 2678 5164 hoc
2708 5111 2835 5181 quia
2866 5124 3174 5165 sermonem
3207 5109 3274 5163 ab
3301 5122 3365 5163 ea
3395 5102 3656 5177 quemdam
3684 5109 3753 5189 au.

2239 5202 2384 5267 divi,
2432 5218 2529 5272 per
2585 5217 2745 5273 quem
2799 5201 2931 5256 mihi
2993 5199 3126 5257 fides
3183 5199 3302 5271 ejus
3356 5194 3546 5252 claruit
3598 5197 3645 5243 et
3686 5196 3755 5251 qm

2240 5295 2500 5350 indicium
2529 5295 2678 5350 dedit
2710 5294 3051 5350 credulitatis
3080 5293 3220 5362 ejus,
3246 5290 3445 5362 alioqui
3479 5283 3646 5342 multis
3663 5288 3753 5331 eam

2239 5386 2431 5442 diebus
2456 5388 2743 5459 oportebat
2771 5395 2896 5441 ante
2927 5386 3122 5441 instrui
3154 5394 3208 5440 et
3236 5383 3439 5439 doceri.
3741 5450 3749 5459 ι

2311 5478 2527 5533 XXXV.
2572 5478 2638 5533 Et
2687 5495 2817 5549 ego:
2858 5476 3056 5544 Quaeso
3081 5486 3152 5539 te,
3196 5477 3436 5546 inquam,
3467 5465 3664 5526 domine
3694 5467 3751 5508 ml

2240 5571 2420 5633 Petre,
2460 5571 2549 5624 die
2591 5567 2716 5640 quis
2766 5580 2849 5625 est
2887 5572 2991 5626 iste
3028 5585 3209 5625 sermo
3246 5584 3403 5639 quem
3433 5562 3560 5620 dicis
3580 5551 3751 5612 dedisse

2240 5663 2339 5717 tibi
2371 5662 2633 5717 indicium
2664 5661 2787 5717 tidei
2824 5663 2979 5733 ejus?
3018 5662 3083 5716 Et
3113 5661 3308 5717 Petrus
3342 5680 3353 5714 :
3388 5659 3475 5711 Ille
3506 5661 3661 5708 sermo
3685 5644 3747 5693 εει

2240 5770 2353 5825 quo
2389 5754 2623 5825 rogavit,
2653 5762 2713 5808 ut
2753 5761 2807 5808 et
2853 5754 3068 5825 hospita
3102 5769 3200 5809 sua
3225 5752 3380 5821 cujus
3412 5738 3662 5802 beneficiis
3685 5744 3749 5783 νιν

2243 5861 2359 5900 cem
2386 5844 2610 5901 reddere
2634 5844 2928 5914 desiderat,
2964 5844 3125 5898 simul
3168 5843 3463 5913 baptizetur
3498 5846 3604 5890 eum
3634 5826 3741 5894 il’sn'
