4036 6252
324 407 463 465 i369

1489 396 2052 457 RECOGNITIONUM
2119 395 2247 453 LIB.
2290 395 2405 454 VII.

3445 395 3581 453 i570

320 520 443 578 Non
474 528 656 576 autem
678 524 919 589 rogaret,
947 524 1006 573 ut
1032 516 1111 571 illi
1143 528 1307 587 quam
1333 512 1511 586 diligit
1544 521 1903 585 prastaretur
1929 519 1977 576 Α
1995 512 2114 581 jam
2136 512 2425 566 moechatus
2455 520 2532 566 est
2559 529 2676 566 eam
2708 514 2763 566 in
2791 512 2947 567 corde
2976 530 3093 568 suo.
3122 512 3187 567 Et
3214 514 3302 569 his
3334 515 3577 573 addidit:

326 615 444 669 haec
474 613 672 684 gratia,
698 611 804 665 nisi
836 608 1162 663 credidisset
1195 606 1342 678 quod
1390 622 1648 677 magnum
1683 606 1903 677 aliquod

326 706 383 760 in
417 706 747 775 baptismate
782 716 982 756 munus
1025 708 1194 755 esset.
1232 698 1387 754 Unde
1422 706 1476 753 et
1507 712 1608 769 ego
1632 698 1679 729 ⁸⁰
1709 713 1903 769 ηερε-θη

326 798 507 853 bendo
556 796 824 866 plurimos
864 793 960 864 qui
1007 808 1130 847 cum
1177 792 1283 862 ipsi
1322 792 1670 861 baptizentur
1697 798 1753 845 et
1784 806 1903 845 ese-

324 889 480 950 dant,
514 887 653 941 nihil
684 896 863 942 tamen
896 885 1119 955 dignum
1150 885 1256 939 lide
1295 890 1464 955 agunt
1495 899 1618 937 cum
1651 883 1736 939 his
1766 898 1904 953 quos

324 978 581 1049 diligunt,
616 979 670 1033 id
702 984 786 1033 est
818 978 1087 1032 uxoribus
1126 977 1212 1032 vel
1242 976 1371 1031 liliis
1400 976 1485 1031 vel
1515 976 1730 1040 amicis,
1764 991 1903 1045 quos

324 1086 433 1125 non
480 1069 548 1124 ad
588 1070 691 1125 hoc
732 1070 1025 1123 hortantur
1060 1068 1207 1139 quod
1250 1068 1353 1138 ipsi
1399 1067 1637 1123 assecuti
1672 1075 1823 1127 sunt,
1856 1068 1902 1123 si

324 1163 544 1233 quidem
577 1177 703 1217 vere
742 1160 1079 1216 crediderint
1104 1160 1250 1232 quod
1286 1170 1490 1215 atterna
1526 1161 1637 1215 vita
1676 1177 1773 1232 per
1800 1160 1903 1215 hoc

324 1253 578 1309 donatur.
612 1254 855 1323 Denique
880 1252 926 1309 si
957 1268 1051 1308 eos
1087 1260 1355 1324 aegrotare
1375 1252 1599 1308 videant
1634 1264 1727 1308 aut
1759 1252 1906 1323 peri-

325 1347 451 1399 culo
486 1347 649 1400 alicui
696 1346 992 1401 carnaliter
1034 1345 1339 1414 subjacere,
1376 1345 1563 1400 dolent
1611 1352 1667 1400 et
1694 1345 1900 1417 lugent,

326 1439 454 1509 quia
494 1438 550 1492 in
594 1439 697 1493 hoc
742 1438 876 1494 certi
905 1445 1033 1492 sunt
1058 1437 1137 1494 eis
1162 1438 1448 1493 imminere
1476 1437 1793 1508 perniciem.
1825 1437 1905 1492 Ita

325 1546 477 1601 ergo,
509 1531 556 1586 si
579 1539 632 1585 et
660 1531 728 1585 de
751 1531 857 1584 hoc
887 1529 1022 1585 certi
1049 1537 1236 1585 essent
1269 1530 1415 1599 quod
1449 1531 1541 1600 qui
1581 1529 1752 1584 Deum
1794 1545 1904 1585 non

325 1626 536 1688 colunt,
570 1632 754 1678 manet
776 1640 871 1680 eos
906 1638 1069 1694 ptena
1101 1623 1244 1695 ignis
1273 1625 1489 1687 aeterni,
1529 1624 1749 1695 quando
1777 1640 1897 1680 ces-

326 1724 513 1772 sarent
558 1726 844 1772 monentes
897 1724 951 1771 et
993 1716 1384 1773 cohortantes?
1426 1718 1535 1769 Aut
1589 1717 1634 1771 si
1668 1716 1903 1771 obsiste-

324 1817 467 1873 rent,
502 1808 777 1880 quomodo
837 1824 944 1863 non
994 1808 1243 1878 lugerent
1297 1823 1392 1863 eos
1451 1817 1506 1864 et
1560 1809 1901 1878 plangerent,

2006 602 2066 659 Si
2094 605 2278 660 oculus
2330 614 2450 658 tuus
2502 603 2684 658 dexter
2731 605 3065 659 scandalizat
3100 619 3165 671 te,
3199 625 3323 663 erue
3364 627 3483 663 eum
3531 622 3583 665 et

2005 697 2176 766 abjice
2204 696 2299 751 abs
2330 706 2413 762 te;
2436 697 2645 767 expedit
2668 699 2807 751 enim
2836 697 2929 751 tibi
2950 711 3005 751 ut
3030 715 3191 752 unum
3230 701 3580 756 membrorum

2006 797 2216 843 tuorum
2244 799 2443 857 pereat,
2470 807 2628 860 quam
2660 799 2827 843 totum
2858 806 3047 859 corpus
3072 801 3219 844 tuum
3246 795 3492 847 mittatur
3528 795 3583 849 in

2003 881 2292 951 gehennam
2334 882 2471 952 ignis
2496 882 2561 936 ⁵².
2612 880 2733 935 Νοη
2784 881 2919 937 dixit
2953 902 2965 937 :
2999 882 3390 940 scandalizavit
3417 896 3585 953 te,,ut

2005 980 2359 1043 posteaquam
2376 976 2688 1043 peccaveris
2706 982 2837 1028 tunc
2850 976 3079 1043 abjieias
3099 992 3321 1031 causam
3342 982 3573 1049 peccati,

2005 1064 2100 1119 sed
2126 1082 2141 1118 :
2178 1066 2226 1118 si
2253 1065 2586 1119 scandalizat
2618 1076 2685 1130 te,
2706 1067 2809 1121 hoc
2832 1076 3011 1130 est,ut
3042 1076 3331 1138 antequam
3365 1087 3580 1140 pecces,

2006 1170 2227 1211 causam
2255 1159 2463 1229 peccati
2494 1161 2841 1229 provocantis
2866 1169 2916 1213 te
2940 1169 2993 1215 et
3014 1162 3283 1216 irritantis
3305 1162 3578 1219 abscidas.

2005 1248 2218 1320 Nequis
2241 1258 2421 1305 autem
2436 1259 2676 1306 vestrum
2702 1260 2873 1321 putet,
2892 1251 3111 1318 fratres,
3137 1256 3282 1323 quod
3312 1258 3584 1312 membro-

2005 1359 2126 1398 rum
2142 1343 2567 1412 amputationem
2584 1344 3196 1416 mandaveritpominus
3214 1367 3225 1401 :
3244 1350 3583 1419 propositum

2007 1450 2061 1489 in
2088 1434 2191 1489 hoc
2218 1437 2333 1489 vult
2362 1436 2623 1502 resecari,
2659 1453 2768 1491 non
2793 1439 3037 1492 membra
3063 1448 3115 1494 et
3147 1456 3345 1496 causas
3367 1458 3490 1511 qua:
3516 1442 3583 1497 ad

2007 1527 2346 1597 peccandum
2379 1528 2632 1593 illieiunt,
2660 1546 2768 1599 quo
2804 1531 3061 1601 cogitatio
3100 1542 3286 1587 nostra
3327 1543 3584 1596 aspectus

2005 1618 2261 1673 vehicqu
2293 1620 2574 1683 subvecta,
2610 1620 2675 1674 ad
2703 1636 2943 1676 amorem
2978 1621 3071 1676 Dei
3114 1624 3370 1679 sensibus
3397 1642 3587 1697 corpo-

2005 1710 2117 1766 reis
2155 1710 2332 1765 invisa
2373 1711 2688 1773 contendat,
2715 1728 2816 1767 nec
2847 1715 3165 1769 carnalibus
3198 1717 3395 1780 oculis,
3434 1723 3584 1774 velut

2007 1803 2426 1859 lascivientibus
2461 1803 2620 1874 equis
2670 1812 2724 1859 et
2783 1812 2937 1858 extra
2988 1808 3373 1861 mandatorum
3440 1809 3584 1863 viam

324 1902 462 1954 certi
506 1911 710 1955 aeterna
753 1901 833 1955 eis
881 1900 1167 1955 imminere
1214 1900 1522 1969 supplicia?
1562 1899 1719 1954 Nunc
1775 1915 1905 1970 ergo
1937 1887 1976 1940 Β
2007 1910 2230 1948 currum
2263 1894 2541 1950 declinare
2572 1896 2943 1965 cupientibus,
2981 1897 3185 1951 relaxet
3225 1897 3379 1952 frena
3412 1908 3463 1953 et
3489 1899 3587 1951 ha-

326 1992 473 2047 illam
503 1992 722 2064 quidem
748 1993 1031 2048 mulierem
1056 1993 1410 2048 evocabimus
1442 1993 1816 2063 postmodum,
1851 1998 1905 2045 et

324 2082 635 2138 videbimus
666 2084 710 2138 si
754 2090 899 2136 amat
928 2082 1084 2137 ﬁdem
1110 2080 1392 2153 religionis
1422 2088 1646 2143 nostrae,
1674 2088 1728 2135 et
1747 2088 1909 2149 prout

322 2190 670 2245 consequens
697 2174 859 2228 fuerit
880 2190 1122 2244 agemus.
1150 2174 1273 2229 Haec
1291 2181 1471 2229 autem
1502 2172 1762 2242 quoniam
1779 2171 1911 2225 lide«

323 2267 453 2320 liter
488 2267 660 2322 sensit
705 2268 771 2323 de
803 2267 1097 2338 baptismo,
1132 2268 1343 2337 jejunet
1389 2266 1473 2321 vel
1519 2280 1628 2320 una
1658 2264 1747 2320 die
1783 2270 1909 2320 ante

323 2355 683 2426 baptismum.

397 2446 641 2503 XXXVI.
684 2449 752 2502 At
776 2450 864 2503 illa
892 2465 1016 2504 cum
1034 2450 1352 2519 juramento
1375 2448 1750 2503 satisfaciebat
1775 2464 1909 2518 prae-

319 2550 481 2598 sente
505 2556 677 2596 uxore
704 2540 910 2594 domini
933 2541 1037 2595 mei
1069 2539 1235 2602 Petri,
1261 2540 1385 2610 quia
1418 2554 1483 2594 ex
1506 2555 1614 2610 quo
1642 2554 1907 2610 recogno-

321 2633 464 2687 verit
494 2631 685 2695 lilium,
716 2646 829 2701 pra:
872 2631 1042 2684 multo
1075 2630 1276 2701 gaudio
1318 2630 1502 2685 cibum
1542 2644 1739 2699 capere
1787 2645 1907 2683 om-

321 2724 463 2780 nino
506 2724 839 2794 nequiverit,
879 2724 987 2781 nisi
1031 2724 1290 2779 hesterna
1346 2723 1436 2779 die
1482 2724 1709 2778 calicem
1753 2739 1909 2794 aqua:

323 2818 508 2873 solum
537 2817 760 2872 biberit.
799 2816 1130 2873 Testabatur
1155 2823 1334 2870 autem
1366 2825 1420 2872 et
1446 2832 1583 2871 uxor
1616 2815 1785 2882 Petri,
1823 2817 1909 2871 di-

322 2922 462 2962 cens
496 2906 572 2960 ita
601 2923 745 2962 esse.
780 2907 844 2962 Et
874 2909 1068 2979 Aquila
1098 2908 1211 2963 ait:
1242 2908 1382 2975 Quid
1433 2922 1566 2977 ergo
1596 2907 1779 2962 obstat
1809 2923 1908 2961 cur

321 3017 439 3059 non
477 3001 815 3071 baptizetur?
846 3001 984 3055 Tum
1029 3000 1225 3057 Petrus
1272 3002 1605 3057 subridens:
1645 3000 1751 3055 Sed
1796 3016 1906 3057 non

321 3099 433 3160 est,
459 3093 657 3162 inquit,
686 3093 791 3145 hoc
830 3092 1101 3161 jejunium
1147 3092 1427 3163 baptismi,
1460 3093 1605 3163 quod
1640 3108 1746 3147 non
1778 3109 1907 3163 pro-

322 3190 450 3253 pter
476 3182 805 3253 baptismum
819 3182 1125 3251 jejunatum
1163 3190 1267 3237 est.
1292 3181 1356 3235 Et
1378 3181 1595 3237 Niceta:
1619 3181 1724 3237 Sed
1742 3182 1902 3244 forte,

323 3278 530 3348 inquit,
562 3276 750 3331 volens
785 3274 929 3330 Deus
956 3282 1189 3329 matrem
1240 3285 1486 3330 nostrain
1520 3292 1622 3331 nec
1663 3292 1773 3331 una
1813 3278 1903 3332 die

323 3371 529 3442 agnitis
559 3369 719 3425 nobis
768 3368 1013 3437 separari
1045 3383 1075 3422 a
1105 3368 1385 3423 consortio
1432 3383 1639 3426 mensa:
1679 3377 1903 3435 nostrae,

320 3464 719 3538 praeordinavit
745 3463 849 3517 hoc
877 3470 936 3517 ut
962 3468 1088 3517 ante
1112 3460 1410 3531 jejunaret.
1446 3461 1602 3516 Sicut
1632 3462 1778 3517 enim
1804 3479 1908 3532 pu-

322 3560 575 3616 dicitiam
610 3558 846 3613 servavit
886 3557 944 3611 in
995 3555 1325 3626 ignorantia,
1353 3561 1411 3608 ut
1441 3554 1733 3623 proliceret
1759 3556 1807 3608 ei
1839 3554 1907 3608 ad

321 3649 589 3721 baptismi
622 3649 876 3719 gratiam,
906 3648 981 3702 ita
1003 3646 1271 3717 jejunavit
1304 3653 1597 3716 antequam
1630 3645 1798 3700 sciret
1825 3646 1911 3714 je-

314 3741 467 3809 junii
515 3741 809 3803 rationem,
844 3747 903 3792 ut
934 3739 1227 3809 proliceret
1263 3739 1313 3793 ei
1363 3737 1430 3791 ad
1474 3738 1829 3807 baptismum,
1856 3744 1909 3791 et

322 3832 518 3887 atatim
547 3831 617 3885 ab
646 3831 802 3885 initio
830 3830 1125 3902 agnitionis
1149 3836 1353 3885 nostrae
1380 3829 1673 3886 nobiscum
1702 3832 1910 3901 pariter

320 3939 534 3979 mensa:
555 3925 832 3979 consortio
859 3924 1148 3979 frueretur.

403 4015 665 4071 XXXVII.
710 4015 847 4070 Tum
890 4015 1085 4073 Petrus
1116 4034 1128 4071 :
1158 4014 1278 4070 Non
1323 4033 1446 4081 nos,
1494 4016 1695 4087 inquit,
1725 4016 1910 4072 vincat

317 4113 606 4184 malignus
654 4112 946 4167 occasione
993 4119 1215 4182 accepta
1254 4128 1352 4183 per
1394 4111 1648 4167 allectum
1691 4109 1906 4176 matris,

317 4208 428 4264 sed
477 4207 653 4276 magis
692 4222 789 4262 vos
830 4213 887 4261 et
930 4221 1031 4276 ego
1076 4206 1357 4260 vobiscum
1402 4204 1563 4259 hodie
1593 4204 1908 4273 jejunemus

314 4316 458 4358 cum
507 4302 647 4370 ipsa,
687 4307 740 4355 et
800 4299 1047 4354 crastino
1106 4298 1477 4369 baptizabitur
1527 4296 1678 4368 (47);
1730 4311 1908 4366 neque

312 4397 476 4451 enim
506 4394 717 4462 justum
771 4399 855 4447 est
906 4392 974 4446 ad
1007 4392 1236 4461 gratiam
1273 4405 1522 4462 persona:
1574 4388 1810 4458 alicujus
1854 4394 1907 4442 et

313 4485 607 4547 amicitiae,
640 4486 838 4540 resolvi
896 4495 948 4539 et
982 4484 1268 4539 extenuari
1323 4492 1592 4553 prmeepta
1634 4480 1904 4536 veritatis.

2012 1989 2179 2042 benas
2204 1988 2518 2058 indulgeat;
2552 1989 2645 2041 sed
2680 1997 2896 2043 revocet
2927 1996 3207 2058 aspectum
3238 1992 3485 2060 corporis
3518 1992 3584 2044 ad

2009 2080 2298 2133 arbitrium
2314 2080 2531 2147 mentis,
2547 2082 2803 2135 etoculos
2828 2090 3049 2137 nostros
3072 2098 3211 2151 quos
3232 2082 3373 2137 Deus
3402 2085 3586 2155 operis

2011 2171 2095 2225 sui
2114 2172 2452 2241 inspectores
2466 2188 2589 2227 esse
2614 2174 2852 2227 voluitet
2867 2181 3054 2237 testes,
3084 2190 3193 2229 non
3218 2178 3456 2245 patiatur
3472 2178 3585 2232 licri

2012 2263 2238 2317 lenones
2268 2264 2396 2319 mali
2428 2265 2709 2321 desiderii.
2740 2266 2804 2319 Et
2836 2266 2957 2321 ideo
2997 2267 3193 2322 cedant
3220 2270 3322 2339 legi
3350 2270 3442 2324 Dei
3477 2278 3586 2325 tam

2016 2356 2266 2425 corporei
2321 2371 2519 2412 sensus
2566 2373 2729 2428 quam
2770 2359 2986 2414 interna
3018 2362 3308 2431 cogitatio,
3352 2370 3405 2418 et
3440 2364 3586 2419 illius

2009 2447 2277 2501 voluntati
2302 2448 2619 2503 ministrent
2639 2450 2796 2519 cujus
2824 2467 2883 2505 se
2912 2467 3075 2521 opera
3100 2469 3222 2508 esse
3251 2455 3583 2525 intelligunt.

2081 2537 2370 2593 XXXVIII.
2416 2539 2587 2611 Igitur
2619 2550 2676 2595 ut
2700 2542 2837 2597 ordo
2867 2544 3111 2615 mysterii
3143 2547 3404 2615 poscrbat
3428 2555 3481 2601 et
3507 2564 3590 2601 ra-

2009 2629 2106 2695 tio,
2144 2630 2231 2686 die
2271 2639 2491 2702 postera
2544 2634 2860 2704 baptizatur
2888 2636 2941 2691 in
2968 2639 3125 2701 mari,
3160 2646 3213 2692 et
3239 2655 3489 2710 regressa
3520 2642 3586 2695 ad

2012 2723 2314 2793 hospitium
2347 2724 2603 2779 omnibus
2630 2738 3036 2797 consequenter
3062 2730 3341 2800 mysteriis
3371 2733 3583 2802 religio-

2011 2815 2098 2869 nis
2130 2814 2413 2870 imbuitur.
2447 2814 2756 2871 Aderamus
2801 2826 2984 2873 autem
3029 2828 3082 2874 et
3106 2837 3207 2875 nos
3242 2822 3334 2875 lilii
3363 2826 3468 2885 sui,
3497 2823 3592 2877 Ni-

2009 2916 2128 2963 ceta
2172 2914 2229 2963 et
2270 2908 2466 2978 Aquila
2499 2916 2553 2964 et
2598 2924 2698 2981 ego
2721 2909 2995 2966 Clemens.
3032 2911 3097 2966 Et
3124 2922 3247 2983 post
3274 2918 3389 2969 hac
3423 2917 3590 2972 simul

2010 3016 2134 3055 cum
2166 3016 2230 3055 ea
2260 3002 2605 3072 prandimus,
2640 3010 2693 3058 et
2739 3004 2901 3058 simul
2931 3005 3360 3075 glorilicavimus
3392 3007 3588 3075 Deum,

2011 3092 2311 3149 referentes
2342 3096 2548 3166 gratias
2574 3096 2774 3152 studiis
2806 3105 2861 3152 et
2886 3098 3151 3154 doctrina:
3182 3099 3345 3165 Petri,
3370 3102 3461 3171 qui
3491 3119 3591 3156 no-

2010 3185 2096 3242 bis
2114 3186 2355 3241 ostendit
2385 3204 2483 3258 per
2511 3190 2858 3244 occasionem
2888 3192 3101 3255 matris,
3133 3195 3406 3262 quouiodo
3433 3195 3591 3263 pudi-

2009 3278 2155 3335 citia:
2183 3280 2385 3334 bonum
2417 3296 2526 3335 non
2552 3289 2734 3352 pereat
2757 3285 2897 3352 apud
2927 3282 3116 3348 Deum,
3149 3287 3291 3339 sicut
3323 3297 3591 3342 econtra—

2010 3373 2095 3428 rio
2138 3374 2503 3443 impudicitia,
2548 3376 2748 3446 inquit,
2780 3377 2997 3435 etiamsi
3027 3392 3135 3431 non
3166 3379 3373 3446 statim,
3410 3389 3589 3435 tamen

2011 3465 2139 3521 licet
2194 3468 2350 3522 tarde
2398 3484 2508 3522 non
2562 3468 2749 3539 eﬂ'ugit
2782 3484 3020 3539 poenam.
3053 3469 3112 3523 In
3166 3477 3378 3524 tantum
3408 3481 3589 3527 autem

2013 3557 2297 3627 pudicitia,
2329 3558 2526 3627 inquit,
2558 3558 2670 3613 Deo
2710 3560 2911 3629 placita
2943 3568 3049 3625 est,
3084 3570 3144 3615 ut
3177 3564 3341 3617 etiam
3377 3564 3464 3618 his
3496 3566 3591 3635 qui

2013 3651 2067 3704 in
2096 3666 2283 3706 errore
2341 3663 2471 3706 sunt
2515 3652 2703 3721 positi,
2737 3654 2989 3709 nonnihil
3026 3657 3213 3725 gratiae
3245 3658 3299 3711 in
3331 3659 3590 3728 prmsenti

2013 3741 2261 3798 conferat
2290 3745 2421 3798 vita.
2456 3742 2593 3797 Nam
2628 3742 2811 3797 futura
2842 3745 3124 3800 beatitudo
3156 3746 3265 3803 illis
3293 3750 3469 3802 solum
3505 3765 3593 3804 rc—

2012 3835 2191 3905 posita
2245 3845 2350 3900 est,
2380 3836 2471 3908 qui
2528 3851 2625 3906 per
2672 3836 2903 3906 gratiam
2956 3836 3216 3905 baptismi
3272 3839 3591 3908 pudicitiam

2008 3927 2391 3999 justitiamque
2418 3931 2782 3985 servaverint.
2817 3928 3063 4000 Denique
3085 3932 3334 4002 exemplo
3361 3942 3446 3987 est
3464 3934 3593 3986 huic

2013 4022 2093 4076 rei
2130 4023 2297 4076 etiam
2330 4023 2454 4085 hoc,
2489 4023 2633 4091 quod
2674 4038 2802 4093 erga
2842 4031 3073 4077 matrem
3113 4033 3348 4079 vestram
3380 4036 3592 4096 gestum

2012 4121 2118 4177 est,
2153 4114 2241 4167 cui
2293 4116 2445 4169 salus
2488 4114 2603 4169 ham
2651 4116 2832 4169 OllllllS
2874 4131 2974 4185 pro
3021 4118 3271 4172 mercede
3317 4119 3595 4186 pudicitiae

2015 4209 2264 4273 reparata
2296 4210 2400 4263 est,
2435 4203 2500 4257 ad
2531 4218 2695 4272 quam
2730 4205 3145 4258 custodiendam
3180 4213 3230 4259 et
3262 4222 3594 4261 conservan-

2012 4293 2137 4348 dam
2183 4308 2290 4345 non
2334 4293 2541 4348 sul‘lieit
2567 4296 2684 4347 sola
2714 4296 3073 4355 continentia,
3105 4295 3200 4349 sed
3234 4296 3325 4348 ubi
3358 4297 3594 4351 senserit

2013 4387 2139 4455 quis
2168 4383 2400 4439 insidias
2430 4392 2483 4439 et
2524 4385 2899 4454 deceptionem
2919 4388 3121 4455 parari,
3154 4388 3416 4443 continuo
3446 4389 3592 4443 sicut

2014 4479 2084 4533 ab
2117 4479 2258 4549 ignis
2309 4481 2513 4549 impetu
2554 4490 2647 4534 aut
2679 4480 2904 4535 incursu
2937 4482 3091 4535 canis
3129 4482 3301 4536 rabidi
3335 4482 3588 4553 refugiat,

313 4577 451 4633 Non
475 4593 605 4647 ergo
635 4578 815 4649 pigeat
846 4592 947 4632 nos
980 4578 1152 4647 magis
1185 4577 1433 4632 laborare
1476 4591 1601 4630 cum
1630 4575 1744 4638 illa,
1777 4574 1905 4643 quia
1941 4595 1984 4649 υ
2013 4588 2113 4627 nec
2140 4571 2378 4627 conlidat
2409 4573 2553 4641 quod
2597 4572 2913 4640 lmjusmodi
2956 4574 3187 4628 insidias
3232 4578 3401 4643 possit
3434 4575 3593 4630 facile

314 4686 495 4729 omne
516 4671 830 4724 mandatum
865 4670 1143 4741 praeterire
1170 4676 1456 4739 peccatum
1479 4677 1581 4723 est.
1602 4667 1907 4721 Doceamus

314 4766 516 4814 autem
567 4773 763 4813 sensus
800 4767 1022 4813 nostros
1069 4757 1384 4828 corporales
1436 4757 1527 4827 qui
1558 4756 1906 4811 extrinsecus

311 4858 482 4915 sunt,
511 4851 717 4905 servire
732 4851 1087 4907 interioribus
1101 4850 1375 4915 sensibus,
1406 4860 1581 4903 etnon
1611 4848 1905 4903 interiores

312 4956 554 5002 sensus,
588 4942 679 5009 qui
723 4957 843 5010 qua:
877 4940 969 4996 Dei
1017 4948 1145 4997 sunt
1180 4940 1424 5010 sapiunt,
1456 4954 1720 5009 cogamus
1748 4937 1904 5007 sequi

311 5032 654 5094 exteriores,
688 5033 778 5101 qui
826 5050 949 5104 qua:
998 5034 1183 5089 carnis
1217 5044 1343 5087 sunt
1383 5033 1625 5102 sapiunt.
1680 5030 1907 5101 Propter

314 5121 496 5179 hoc“
529 5122 671 5176 enim
703 5132 756 5177 et
791 5124 1050 5180 Dominus
1089 5124 1411 5179 mandatum
1453 5124 1625 5188 dedit,
1660 5126 1854 5179 dicens
1888 5144 1901 5179 :

312 5215 645 5285 Quicunque
670 5214 854 5269 viderit
881 5220 1150 5273 mulierem
1174 5218 1242 5273 ad
1259 5218 1725 5287 concupiscendam
1759 5235 1899 5284 eam,

392 5416 448 5447 ⁸ο
480 5415 624 5495 Unde
647 5425 694 5470 et
718 5418 1155 5495 eg_o—_-imminere
1173 5424 1432 5495 supplicia
1456 5440 1563 5495 non
1598 5423 1853 5493 leguntur
1875 5423 1929 5479 in
1964 5425 2127 5479 codd.
2164 5423 2344 5495 Lipss.

306 5488 533 5546 desunt
563 5488 618 5540 in
647 5489 808 5543 codd.
844 5487 1022 5561 Lipss.
1104 5493 1149 5523 ⁵²
1181 5487 1370 5550 Matth.
1402 5512 1452 5559 v,
1478 5494 1569 5559 28,
1602 5487 1695 5552 25.

2021 4664 2220 4735 aliquis
2252 4665 2690 4734 philosophando
2723 4673 2818 4719 aut
2851 4666 3121 4735 palpando
3153 4666 3440 4733 cohibere;
3468 4668 3588 4733 sed,

2015 4762 2075 4809 ut
2124 4755 2259 4819 dixi,
2307 4754 2675 4825 ell'ugiendum
2730 4764 2815 4811 est
2861 4768 2913 4812 et
2952 4758 3108 4827 longe
3163 4758 3589 4823 abscedendum,

2016 4849 2160 4904 sicut
2191 4848 2319 4903 fecit
2361 4857 2414 4902 et
2450 4858 2633 4904 vestra
2682 4857 2858 4903 mater
2890 4867 3015 4905 vere
3056 4859 3109 4905 et
3140 4852 3352 4922 integre
3388 4853 3593 4906 bonum

2015 4942 2249 5012 diligens
2271 4942 2570 5013 pudicitiae.
2623 4942 2858 5014 Propter
2878 4945 3024 5014 quod
3052 4952 3107 4998 et
3138 4954 3463 4999 conservata
3499 4962 3595 4999 vo-

2016 5035 2100 5090 bis
2131 5042 2216 5092 est
2250 5051 2314 5089 ae
2355 5051 2451 5090 vos
2493 5037 2590 5100 illi,
2626 5036 2853 5106 insuper
2884 5044 3064 5090 autem
3109 5044 3163 5091 et
3204 5045 3422 5090 aeterna:
3473 5040 3595 5092 vita:

2014 5127 2291 5199 agnitione
2322 5127 2545 5183 donata.
2571 5128 2707 5183 Cum
2737 5128 2853 5182 hzec
2882 5136 2937 5182 et
2969 5130 3137 5182 multa
3175 5130 3280 5182 alia
3315 5130 3401 5183 his
3438 5131 3593 5184 simi-

2014 5219 2087 5274 lia
2116 5220 2369 5286 dixisset,
2407 5236 2634 5291 vespere
2664 5220 2808 5275 facto
2842 5222 3233 5291 requievimus.

2436 5425 2479 5457 ¹¹
2517 5423 2742 5493 Propter
2772 5423 3150 5478 hoc—lenones
3182 5423 3312 5476 mali
3340 5420 3593 5476 desiderii

1631 5646 1996 5705 COTELERII
2032 5646 2265 5703 ΝΟΤᾹΞ.

386 5784 518 5857 (47)
567 5785 669 5857 Vos
719 5794 769 5839 et
821 5801 913 5855 ego
968 5783 1233 5838 vobiscum
1267 5784 1416 5857 hodie
1442 5786 1744 5856 jejunemus
1782 5802 1900 5839 cum

305 5855 468 5925 ipsa,
502 5868 605 5913 etc.
642 5856 732 5913 Sic
768 5857 860 5912 lib.
892 5873 944 5925 χ,
991 5870 1110 5928 cap.
1159 5857 1252 5910 ult.
1305 5855 1501 5914 Petrus
1544 5866 1749 5929 patrem
1779 5858 1900 5914 Cle-

2008 5783 2207 5839 mentis
2237 5782 2635 5853 baptizaturus.
2669 5783 2864 5837 indicit
2905 5781 3176 5853 jejunium
3222 5782 3374 5836 omni
3417 5781 3591 5852 plebi.

2008 5870 2118 5927 quo
2148 5855 2216 5912 de
2244 5851 2348 5911 ritu
2381 5854 2433 5910 in
2469 5851 2723 5923 Apologia
2752 5853 2787 5909 ‘2
2814 5851 3015 5914 Jus‘tini
3045 5852 3296 5926 Martyris
3315 5895 3328 5920 ,
3362 5851 3428 5924 ιι(
3452 5853 3543 5909 95.
