4036 6252
3613 317 3740 396 κη’

540 347 676 405 1371
1423 341 1482 398 S.
1518 337 1910 398 CLEMENTIS
1944 337 1968 395 l
2004 336 2173 422 ROM.
2209 337 2411 397 PONT.
2452 336 2684 396 OPERA
2721 335 2953 394 DUBIA.

546 496 3730 525 Μ

1639 661 1997 751 LIBER
2068 659 2649 792 OCTAVUS.

617 1019 660 1074 Ι.
700 1017 931 1073 Postera
959 1026 1141 1070 autem
1166 1014 1253 1069 die
1284 1011 1481 1068 Petrus
1505 1027 1664 1069 mane
1693 1014 1990 1085 assumptis
2010 1012 2123 1068 fra-
2150 1015 2198 1074 Α
2224 1021 2347 1062 mus
2399 1006 2517 1077 ipse
2576 1004 2787 1075 incipit,
2813 1019 2915 1062 nec
2951 1012 3323 1076 contemptum
3368 1004 3513 1060 senis
3559 1005 3737 1072 habuit,

545 1111 726 1164 tribus
757 1107 893 1163 meis
924 1113 979 1160 et
1011 1120 1118 1168 me,
1151 1103 1515 1158 descenditad
1547 1112 1785 1173 portum,
1827 1110 1887 1158 ut
1908 1104 1963 1157 in
1980 1104 2119 1158 mari
2222 1115 2398 1170 neque
2428 1100 2675 1170 despexit
2705 1099 2851 1170 quod
2880 1100 3005 1155 vilis
3027 1100 3077 1155 ei
3104 1099 3339 1153 amictus
3362 1106 3568 1154 essetet
3592 1100 3740 1153 sordi-

552 1202 886 1262 lavaremus,
919 1205 973 1253 et
1016 1204 1140 1268 post
1183 1195 1285 1249 boc
1308 1195 1373 1248 ad
1405 1195 1585 1248 locum
1615 1193 1904 1264 quemdam
1935 1209 2120 1250 secre—
2220 1191 2344 1247 dus.
2376 1191 2467 1246 Ait
2514 1206 2646 1261 ergo
2672 1209 2686 1248 :
2717 1190 2986 1256 Quoniam
3035 1189 3256 1260 quidem
3300 1188 3497 1245 videris
3527 1190 3647 1245 mihi
3672 1193 3740 1247 vir

546 1294 744 1347 tiorem
778 1290 1113 1346 secessimus
1164 1287 1430 1343 orationis
1474 1286 1667 1357 gratia.
1716 1284 1894 1341 Senex
1936 1292 2118 1340 autem
2222 1284 2470 1341 eruditus
2505 1298 2630 1340 esse
2656 1291 2710 1338 et
2740 1283 3058 1340 misericors
3101 1298 3168 1337 ex
3195 1297 3260 1337 eo
3289 1281 3433 1354 quod
3465 1282 3613 1337 adisti
3640 1298 3738 1347 nos,

546 1385 769 1457 quidam
802 1397 1028 1452 pauper,
1065 1388 1117 1436 et
1169 1390 1228 1435 ut
1269 1380 1567 1450 apparebat
1604 1394 1671 1433 ex
1702 1378 1889 1432 habitu
1923 1391 2120 1447 opera-
2222 1385 2277 1434 et
2310 1375 2460 1447 quod
2504 1376 2604 1430 tibi
2642 1375 2848 1429 bonum
2893 1374 3181 1430 videbatur
3210 1374 3441 1429 celatum
3478 1375 3621 1430 nobis
3644 1390 3741 1431 esse

546 1478 686 1538 rius,
732 1474 950 1527 curiose
979 1487 1047 1525 ex
1077 1471 1300 1526 occulto
1348 1471 1647 1525 observare
1688 1485 1790 1524 nos
1837 1468 2027 1537 cmpit,
2063 1475 2121 1521 ut
2221 1470 2471 1539 noluisti,
2499 1470 2752 1525 volumus
2800 1478 2855 1525 et
2901 1483 3004 1526 nos
3039 1469 3138 1524 tibi
3170 1484 3291 1540 qua:
3337 1469 3489 1523 nobis
3540 1467 3662 1524 bona
3699 1477 3743 1524 et

545 1569 753 1626 videret
791 1565 921 1637 quid
971 1580 1259 1635 ageremus
1306 1563 1362 1619 in
1413 1570 1629 1618 secreto
1658 1562 1844 1633 positi.
1875 1560 2122 1631 Cumque
2221 1572 2374 1619 recta
2404 1564 2704 1618 creduntur
2735 1577 3031 1631 exponere,
3061 1575 3184 1631 quae
3227 1561 3275 1615 si
3311 1559 3411 1614 tibi
3440 1560 3606 1616 minus
3643 1556 3743 1615 vera

546 1678 647 1717 nos
676 1669 898 1716 orantes
927 1658 1177 1720 vidisset,
1210 1657 1559 1725 exspectavit
1600 1655 1776 1709 donec
1820 1655 2118 1718 exiremus,
2221 1645 2571 1719 videbuntur,
2605 1656 2773 1710 etiam
2809 1662 2867 1709 tu
2901 1661 3154 1709 nostrum
3184 1667 3314 1723 erga
3350 1659 3402 1706 te
3422 1652 3609 1706 bonum
3643 1667 3745 1721 pro—

546 1761 601 1807 et
631 1752 879 1806 salutans
909 1764 1011 1804 nos
1039 1749 1111 1801 ait
1147 1763 1160 1799 :
1192 1746 1250 1801 Si
1278 1762 1389 1802 non
1418 1762 1561 1817 mgre
1588 1746 1858 1816 accipitis,
1884 1754 1939 1801 et
1962 1744 2125 1816 quasi
2221 1747 2460 1819 positum
2490 1747 2722 1801 libenter
2746 1745 2989 1815 suscipe,
3016 1744 3158 1800 sicut
3173 1749 3228 1797 et
3250 1757 3353 1797 nos
3384 1752 3550 1796 tuum.
3578 1741 3746 1795 Etcum

545 1846 825 1900 curiosum
865 1858 950 1896 me
994 1850 1090 1895 aut
1144 1840 1521 1911 importunum
1563 1840 1791 1903 notatis,
1833 1838 1994 1894 velim
2024 1853 2121 1893 vo-

544 1938 761 1992 biscum
795 1934 1049 1989 conferre
1098 1947 1431 1996 sermonem,
1465 1930 1595 2000 quia
1640 1930 1852 1985 habens
1888 1930 2123 1985 misera-

544 2027 750 2081 tionem
781 2025 973 2087 vestri,
1008 2024 1110 2079 sub
1147 2024 1329 2092 specie
1372 2025 1625 2079 veritatis
1659 2038 1848 2078 errare
1877 2039 1974 2077 vos
1995 2022 2121 2075 nol-

544 2120 651 2173 lem
687 2126 741 2173 et
771 2119 975 2172 habere
1006 2122 1211 2169 metum
1240 2114 1308 2170 de
1340 2115 1425 2170 bis
1457 2132 1578 2187 qua:
1603 2132 1713 2169 non
1759 2123 1919 2182 sunt;
1953 2122 2046 2169 aut
2073 2115 2121 2169 si

546 2210 753 2283 putatis
795 2225 918 2263 esse
970 2207 1177 2279 aliquid
1228 2208 1365 2269 veri,
1419 2207 1616 2261 tradite
1663 2208 1826 2260 etiam
1873 2205 2029 2261 mihi.
2063 2206 2123 2261 Si

2223 1843 2340 1898 haec
2366 1842 2574 1897 diceret
2630 1839 2865 1903 Petrus,
2916 1838 3151 1909 plurima
3188 1836 3478 1891 multitudo
3516 1836 3763 1893 convcuit..

2225 1932 2365 1988 Tum
2389 1949 2558 1990 senex
2589 1954 2601 1988 :
2635 1932 2934 1999 Fortassis,
2967 1932 3172 2001 inquit,
3202 1929 3494 1984 contristat
3518 1944 3604 1982 vos
3630 1942 3743 1998 pra:-

2222 2026 2399 2082 sentia
2428 2024 2817 2080 multitudinis.
2837 2022 2902 2078 Et
2935 2021 3129 2078 Petrus
3155 2037 3169 2074 :
3195 2020 3562 2092 Nequaquam,
3586 2020 3749 2089 inquit,

2222 2118 2331 2172 nisi
2365 2117 2467 2172 hoc
2493 2117 2673 2171 solum
2704 2129 2921 2179 vereor,
2947 2130 3016 2169 ne
3037 2112 3177 2168 forte
3201 2112 3597 2184 disputantibus
3621 2110 3752 2164 nobis

2223 2223 2348 2262 cum
2381 2208 2566 2278 palam
2598 2207 2742 2262 facta
2774 2206 2943 2261 fuerit
2972 2205 3179 2263 veritas
3197 2212 3261 2259 tu
3284 2203 3648 2259 verecundiam
3677 2218 3752 2272 pa-

547 2319 679 2374 ergo
711 2303 983 2373 patienter
1008 2300 1280 2371 accipitis,
1309 2313 1530 2368 possum
1562 2312 1658 2351 vos
1682 2296 1872 2366 paucis
1894 2297 2124 2350 edocere
2225 2299 2381 2353 tiaris
2416 2315 2515 2367 pro
2546 2299 2834 2369 praesentia
2877 2297 3249 2351 multitudinis
3269 2297 3464 2352 cedere
3491 2307 3542 2350 et
3567 2295 3747 2363 acquie-

545 2412 667 2467 qute
699 2404 849 2450 recta
874 2404 1021 2460 sunt;
1048 2394 1095 2448 si
1132 2407 1260 2448 vero
1290 2390 1599 2454 molestum,
1636 2404 1855 2459 pergant
1885 2397 1937 2443 et
1968 2404 2125 2447 meos
2156 2377 2198 2431 Β
2227 2405 2385 2446 scere
2415 2389 2502 2444 bis
2531 2404 2651 2459 quae
2688 2405 2811 2443 vera
2848 2387 2955 2441 dici
2988 2388 3354 2443 intellexeris.
3385 2385 3463 2439 Ad
3496 2385 3599 2440 haec
3618 2398 3751 2437 senex

548 2500 705 2546 actus
748 2504 925 2560 agam.
984 2487 1085 2541 Cui
1132 2485 1331 2540 Petrus
1363 2483 1646 2554 respondit
1676 2503 1691 2535 :
1716 2481 1812 2537 Dic
1843 2496 1942 2552 age
1978 2481 2122 2550 quod
2229 2480 2307 2532 ait
2342 2498 2355 2531 :
2388 2478 2501 2549 Ego
2543 2494 2653 2532 non
2698 2478 2774 2531 ita
2823 2477 3024 2533 stultus
3061 2476 3356 2541 consenui,
3399 2482 3456 2530 ut
3493 2475 3757 2545 intelligens

546 2581 647 2637 tibi
680 2579 896 2634 videtur
931 2578 1158 2641 bonum,
1195 2583 1251 2630 et
1300 2575 1533 2628 libenter
1574 2572 1876 2642 accipimus
1919 2573 2035 2628 sive
2072 2571 2125 2625 id
2225 2574 2372 2645 quod
2398 2590 2586 2629 verum
2615 2582 2723 2642 est,
2747 2575 2980 2629 abnuam
3006 2573 3063 2628 id
3095 2572 3163 2628 ad
3188 2572 3339 2643 vulgi
3371 2572 3611 2643 gratiam.

549 2685 740 2726 verum
782 2669 897 2722 sive
939 2666 1107 2722 etiam
1146 2665 1345 2719 falsum
1386 2665 1490 2729 sit;
1529 2661 1941 2734 amplectendus
1979 2664 2124 2718 enim
2298 2666 2388 2723 IV.
2415 2666 2592 2738 Coepit
2622 2682 2752 2737 ergo
2773 2666 2969 2721 Petrus
2998 2667 3183 2721 dicere
3215 2663 3526 2727 :Videntur
3552 2661 3667 2716 mihi
3689 2661 3753 2725 hi,

548 2778 632 2826 es,
665 2761 794 2831 quia
835 2759 981 2830 quod
1014 2758 1114 2812 tibi
1154 2758 1357 2812 bomun
1409 2755 1645 2819 videtur,
1680 2762 1938 2826 tanquam
1972 2764 2127 2826 pater
2227 2761 2317 2831 qui
2360 2760 2661 2830 loquuntur
2696 2760 2922 2814 verbum
2969 2758 3223 2815 veritatis
3266 2765 3326 2813 et
3361 2758 3454 2828 qui
3492 2755 3755 2810 illuminant

547 2869 650 2926 pro
681 2852 809 2906 [iliis
845 2850 1115 2907 sollicitus
1150 2862 1499 2903 commonere
1532 2848 1773 2902 voluisti.
2228 2854 2443 2907 animas
2485 2851 2793 2915 hominum,
2838 2849 3046 2905 similes
3080 2866 3203 2906 esse
3233 2850 3407 2904 radiis
3436 2849 3582 2911 solis,
3610 2846 3687 2916 qui
3712 2851 3756 2898 ut

622 2945 685 3000 ll.
733 2946 876 3000 Tum
906 2943 1090 2999 senior
1112 2943 1279 3012 cmpit
1299 2941 1481 2995 dicere
1510 2961 1521 2995 :
1548 2940 1603 2995 ιιι
1638 2942 1775 2995 mari
1807 2956 1905 2996 vos
1928 2940 2129 2997 lavisse
2229 2944 2599 3015 processerint
2619 2950 2672 2998 et
2701 2942 3059 3011 apparuerint
3085 2943 3316 3007 mundo,
3351 2942 3513 2997 celari
3540 2941 3664 2994 ultra
3682 2942 3756 2990 aut

550 3037 683 3100 vidi,
716 3044 771 3090 et
813 3043 936 3108 post
972 3037 1077 3090 hoc
1134 3034 1202 3088 ad
1260 3046 1532 3092 secretum
1578 3033 1875 3089 secessisse
1916 3034 2127 3098 locum;
2229 3036 2495 3092 occultari
2523 3036 2839 3091 nullatenus
2874 3042 3126 3106 possunt,
3167 3034 3299 3088 dum
3334 3042 3575 3089 nontam
3602 3031 3758 3087 viden-

549 3128 853 3184 observans
885 3142 1018 3197 ergo
1040 3128 1107 3181 de
1141 3129 1356 3181 occulto
1380 3125 1513 3195 quid
1545 3125 1599 3178 in
1630 3130 1843 3178 secreto
1874 3123 2128 3192 ageretis,
2231 3138 2321 3183 tur
2341 3129 2410 3183 ab
2433 3127 2768 3192 hominibus,
2800 3141 2967 3196 qnam
3007 3124 3193 3181 videre
3225 3126 3484 3181 omnibus
3520 3128 3755 3193 prastant.

550 3228 772 3275 orantes
799 3220 1048 3290 inspexi;
1076 3219 1371 3274 miseratus
1397 3220 1565 3289 igitur
1595 3232 1838 3272 errorem
1860 3224 2126 3278 vestrum,
2232 3220 2389 3276 Unde
2438 3226 2492 3274 et
2546 3219 2686 3273 bene
2731 3233 2766 3271 a
2813 3218 3052 3288 quodam
3091 3218 3305 3275 dictum
3355 3226 3440 3273 est
3469 3216 3531 3271 ad
3556 3213 3763 3270 veritatis

551 3311 796 3382 opperiri
842 3311 1008 3380 crepi,
1068 3326 1357 3381 usquequo
1412 3324 1668 3379 egressos
1713 3309 2023 3377 alloquerer
2078 3315 2133 3363 et
2232 3327 2510 3384 prazcones
2544 3327 2556 3362 :
2606 3310 2703 3364 Vos
2733 3311 2858 3365 estis
2891 3309 2983 3363 lux
3024 3310 3228 3372 mundi,
3262 3319 3315 3364 et
3358 3327 3459 3364 non
3486 3316 3635 3378 potest
3658 3304 3760 3358 ciri-

554 3406 833 3467 docercm,
870 3418 939 3457 ne
960 3404 1157 3457 erretis
1182 3402 1235 3457 in
1266 3400 1580 3475 huiusmodi
1617 3400 1982 3465 observantia,
2004 3401 2131 3470 quia
2232 3415 2315 3459 tas
2354 3402 2605 3457 abscondi
2637 3419 2799 3471 supra
2831 3410 3055 3454 montem
3094 3402 3487 3470 posita,eneque
3516 3393 3759 3451 accendunt

554 3512 733 3565 neque
760 3493 904 3549 Deus
921 3502 1004 3549 est
1037 3510 1214 3564 neque
1245 3495 1427 3549 cultus
1460 3494 1548 3547 hic
1574 3494 1775 3565 aliquis
1815 3501 1923 3557 est,
1957 3509 2133 3564 neque
2234 3498 2507 3551 lucernam
2545 3504 2595 3549 et
2626 3504 2828 3563 ponunt
2857 3510 2975 3547 eam
3004 3493 3100 3546 sub
3132 3492 3335 3559 modio,
3373 3491 3461 3546 sed
3493 3504 3633 3557 super
3656 3501 3759 3539 can-

556 3582 900 3655 providentia
925 3584 979 3637 in
1006 3584 1233 3647 mundo,
1266 3584 1361 3638 sed
1394 3583 1653 3638 fortuitus
1692 3600 1855 3639 casus
1897 3594 1951 3638 et
1976 3600 2135 3653 gene-
2233 3589 2510 3645 delubrum
2542 3598 2599 3642 tu
2632 3586 2874 3643 omnibus
2919 3588 3087 3641 luceat
3120 3587 3210 3656 qui
3243 3587 3299 3638 in
3329 3585 3484 3638 domo
3506 3578 3688 3637 sunt".
3713 3574 3763 3629 Et

555 3680 633 3733 sis
669 3684 839 3747 agunt
885 3676 1094 3742 omnia,
1136 3677 1281 3731 sicut
1328 3693 1429 3748 ego
1465 3692 1532 3731 ex
1564 3676 1771 3746 meipso
1798 3676 2133 3732 manilestis-
2159 3730 2199 3749 η
2236 3698 2400 3740 senex
2436 3681 2621 3737 :Bene
2656 3680 2812 3735 valde
2847 3681 3007 3744 dixit,
3033 3679 3287 3749 quisquis
3321 3678 3412 3733 ille
3434 3684 3536 3732 est.
3574 3672 3665 3727 Sed
3688 3682 3761 3722 ex-

559 3766 698 3821 sime
731 3766 974 3836 comperi
1007 3766 1061 3820 in
1095 3765 1385 3837 disciplina
1421 3766 1732 3821 matheseos
1766 3783 1875 3837 pra:
1917 3769 2129 3824 caeteris
2157 3759 2201 3786 ν
2236 3782 2404 3846 ponat
2458 3774 2661 3843 aliquis
2690 3784 2955 3834 vestrum,
2985 3773 3132 3841 quod
3164 3770 3265 3825 sibi
3299 3766 3620 3839 sequendum
3645 3759 3763 3817 vide-

558 3856 831 3913 eruditus.
854 3855 1032 3912 Nolite
1058 3874 1190 3928 ergo
1217 3874 1438 3923 errare;
1474 3858 1588 3913 sive
1615 3858 1760 3912 enim
1784 3860 1975 3923 oretis,
2012 3860 2129 3915 sive
2236 3880 2346 3930 ιιιο,
2374 3875 2431 3921 ut
2454 3865 2522 3919 ad
2558 3873 2767 3919 certum
2798 3871 3148 3933 prospectum
3173 3861 3493 3916 emittamus
3525 3864 3762 3913 sermones

560 3966 670 4004 "0“
713 3951 903 4018 οτθίίεν
934 3951 1080 4020 (ιιιοά
1125 3953 1341 4022 δεηθείς)
1374 3960 1557 4006 VeSll'a
1590 3952 1856 4016 Conlinet,
1885 3954 1989 4008 hoc
2023 3955 2130 4009 erit
2235 3969 2479 4015 nostros.
2517 3956 2636 4011 Non
2672 3958 2816 4011 enim
2848 3954 3045 4009 sutlicit
3075 3954 3143 4008 ad
3175 3952 3556 4008 inveniendam
3588 3947 3757 4003 verita-

560 4041 740 4097 vubis.
766 4040 831 4096 Et
856 4057 955 4113 ego
980 4042 1231 4097 Clemens
1263 4043 1453 4098 nescio
1494 4042 1623 4113 quid
1655 4044 1820 4098 corde
1852 4045 2131 4113 pulsabar,
2238 4063 2346 4109 rem
2370 4052 2653 4106 destruere
2697 4063 2782 4111 ea,
2817 4063 2939 4117 quae
2971 4062 3001 4102 e
3030 4045 3247 4100 diverso
3293 4044 3571 4104 dicuntur.
3602 4035 3683 4094 8εά
3720 4038 3763 4087 εί

560 4133 731 4188 multa
756 4133 912 4203 quasi
946 4142 1074 4187 nota
1121 4132 1254 4187 mihi
1312 4134 1559 4188 recolens
1584 4134 1636 4187 in
1660 4150 1761 4200 eo;
1807 4135 1946 4189 bene
1990 4137 2134 4191 enim
2239 4147 2418 4217 ipsum
2456 4140 2704 4213 proferre
2756 4141 2812 4193 in
2851 4140 3110 4201 medium,
3144 4138 3289 4206 quod
3336 4136 3508 4206 possit
3544 4134 3628 4205 qui
3651 4127 3765 4185 edi-

562 4224 641 4277 ait
668 4222 914 4293 quidam.
949 4223 1076 4291 quia
1101 4223 1245 4294 quod
1271 4239 1333 4276 ex
1368 4223 1551 4293 aliquo
1576 4232 1762 4278 natum
1792 4233 1895 4289 est,
1921 4225 2135 4281 etiamsi
2239 4251 2403 4292 verso
2448 4241 2533 4288 est
2586 4233 2928 4301 impugnare.
2988 4228 3057 4284 Ut
3099 4245 3232 4299 ergo
3292 4230 3523 4300 partium
3551 4226 3615 4281 sit
3641 4232 3763 4289 aequa

563 4318 737 4370 multo
768 4327 1008 4384 tempore
1049 4315 1309 4377 abfuerit,
1345 4331 1623 4386 nunquam
1677 4324 1856 4371 tamen
1901 4320 2138 4373 scintilla
2240 4324 2581 4395 congressio,
2627 4329 2835 4376 rectum
2881 4321 3012 4373 mihi
3078 4320 3295 4374 videtur
3349 4326 3407 4373 ut
3455 4318 3625 4389 prius.
3662 4307 3765 4380 quid

564 4409 993 4479 propinquitatis
1025 4409 1417 4479 exstinguitur.
1449 4408 1601 4478 Carpi
1633 4424 1763 4481 ergo
1799 4410 2138 4483 interrogare
2241 4426 2474 4487 uterque
2522 4421 2774 4470 nostrum
2815 4411 3095 4475 defendat,
3128 4411 3410 4478 enuntiet;
3437 4418 3490 4466 et
3528 4410 3569 4463 si
3604 4407 3764 4477 placet,

564 4502 632 4555 ab
672 4518 757 4562 eo,
785 4501 910 4570 quis
938 4510 991 4553 et
1033 4500 1176 4554 unde
1212 4510 1377 4565 esset,
1412 4501 1497 4554 vel
1542 4501 1817 4571 quomodo
1866 4512 2042 4560 ortus.
2072 4506 2142 4560 At
2234 4511 2350 4581 ipse
2375 4511 2582 4580 primus
2607 4509 2883 4578 incipiam.
2918 4506 3028 4575 Ego
3053 4506 3196 4570 dico,
3239 4520 3346 4559 non
3376 4502 3658 4561 secundum
3694 4492 3765 4548 Dei

567 4594 656 4647 ί¹¹υ
693 4592 759 4646 ad
782 4593 896 4647 “33°
920 4593 1253 4662 respondere
1278 4592 1472 4649 ηυιθηε
1503 4612 1516 4649 ε
1552 4594 1718 4660 Qum.
1755 4594 1851 4660 ait.
1886 4596 1989 4651 1100
2014 4613 2143 4667 pcr-
2234 4603 2627 4672 providentiam
2664 4601 2953 4672 gubernari
2990 4598 3274 4663 mundum,
3304 4602 3433 4666 quia
3459 4593 3616 4648 multa
3644 4591 3690 4641 in
3717 4598 3767 4638 eo

569 4686 707 4740 tinet
732 4685 800 4740 ad
855 4699 920 4739 ea
959 4700 1079 4757 qua:
1108 4684 1221 4739 dixi
1248 4685 1441 4741 vobis?
1465 4685 1571 4741 Sed
1596 4687 1793 4756 primo,
1825 4689 1872 4743 si
1906 4689 2140 4756 videtur,
2235 4689 2436 4757 injuste
2485 4696 2540 4743 et
2588 4688 2894 4743 inordinate
2946 4686 3057 4755 geri
3096 4687 3373 4751 videmus,
3413 4684 3505 4740 sed
3566 4675 3768 4753 genesim

570 4792 754 4831 sermo
797 4774 866 4831 de
908 4774 995 4831 his
1048 4790 1169 4846 quae
1197 4778 1587 4847 proposuimus
1616 4778 1902 4845 habeatur,
1937 4789 1991 4835 et
2018 4790 2143 4852 post
2232 4781 2355 4836 dico
2388 4796 2529 4847 esse,
2565 4794 2687 4851 quae
2716 4779 2899 4835 omnia
2932 4778 3040 4849 agit
3070 4787 3124 4833 et
3156 4778 3425 4832 continet.

571 4868 686 4923 lucc
709 4868 757 4922 si
778 4867 852 4922 ita
876 4883 964 4923 res
987 4867 1316 4938 poposcerit,
1340 4884 1538 4924 nomen
1559 4880 1612 4925 et
1633 4886 1805 4942 genus
1825 4888 1888 4927 ac
1909 4875 2143 4943 patriam
2316 4875 2383 4932 ν.
2424 4875 2506 4930 Ad
2530 4876 2645 4930 haec
2666 4889 2789 4929 cum
2815 4872 3012 4929 Petrus
3047 4871 3381 4941 respondere
3408 4869 3582 4937 vellet,
3618 4862 3772 4917 Niceta

570 4969 621 5017 et
648 4968 845 5015 caetera
894 4976 1014 5032 qua:
1066 4959 1184 5015 haec
1240 4972 1567 5031 sequuntur,
1602 4963 1836 5018 invicem
1880 4966 2037 5019 nobis
2088 4975 2147 5020 ut
2246 4967 2585 5036 praeveniens
2611 4966 2730 5021 ait:
2769 4965 3051 5035 indulgeat
3079 4964 3213 5018 mihi
3252 4962 3508 5017 dominus
3540 4971 3675 5011 incus
3694 4950 3774 5005 Pe—

571 5053 733 5106 amiei
757 5053 949 5107 amicis
982 5055 1283 5123 poterimus
1316 5055 1551 5124 aperire.
1588 5053 1924 5110 Mirabamur
1954 5063 2137 5111 tamen
2174 5077 2216 5130 ι)
2248 5068 2364 5115 trus
2395 5059 2460 5113 ad
2494 5058 2607 5113 haec
2636 5058 2983 5129 respondere,
3009 5064 3201 5111 etnon
3243 5055 3489 5110 videatur
3506 5055 3773 5122 protervum

573 5157 765 5197 omnes
822 5142 1191 5212 eloquentiam
1253 5144 1390 5209 viri,
1443 5152 1499 5199 et
1550 5146 1871 5217 gravitatem
1928 5162 2141 5202 morum
2246 5151 2389 5222 quod
2416 5151 2635 5221 juvenis
2666 5166 2788 5205 cum
2833 5166 2963 5205 sene
3004 5148 3314 5204 conﬂictum
3348 5147 3591 5207 habeam,
3625 5135 3705 5193 sed
3732 5138 3774 5184 ul

574 5233 1136 5305 llanttuillilalemque
1166 5235 1461 5292 sermonis.
2249 5245 2393 5298 [ilius
2437 5258 2562 5297 eum
2607 5250 2762 5313 patre
2788 5242 3091 5311 colloquar.
3129 5240 3194 5293 Et
3230 5254 3399 5294 senex
3437 5256 3450 5292 :
3484 5234 3594 5289 Non
3630 5228 3773 5285 solum

647 5326 735 5380 llt.
778 5325 973 5381 Pe‘trus
1020 5335 1201 5382 autem
1272 5328 1476 5382 sensim
1526 5330 1946 5387 sermocinando
1997 5331 2147 5388 ince-
2250 5342 2332 5398 tu,
2385 5334 2584 5404 inquit,
2628 5334 2725 5395 tili,
2779 5333 2922 5403 quod
2975 5333 3070 5386 tibi
3122 5331 3335 5386 videtur
3367 5337 3425 5383 ut
3471 5314 3773 5398 prosequaris

575 5416 734 5479 deus,
767 5424 1135 5488 opportunum
1182 5418 1250 5471 ad
1299 5418 1720 5489 colloquendum
1772 5422 2035 5493 prospicit
2066 5423 2148 5475 lo-
2250 5428 2394 5492 volo,
2429 5427 2527 5481 sed
2566 5436 2619 5481 et
2643 5426 2690 5481 si
2723 5426 2816 5496 qui
2858 5441 2923 5480 ex
2958 5424 3241 5478 sodalibus
3279 5422 3410 5485 tuis,
3447 5418 3494 5477 si
3524 5413 3612 5487 qui
3642 5410 3771 5466 etiam

576 5525 723 5562 cum.
758 5509 826 5563 Et
866 5526 990 5565 cum
1030 5510 1361 5580 pervidissct
1397 5511 1555 5581 juxta
1595 5522 1812 5584 portum
1862 5530 2144 5572 recessum
2254 5517 2321 5571 de
2355 5517 2660 5572 astantibus
2706 5515 2923 5572 videtur
2962 5515 3105 5569 scire
3159 5511 3389 5582 aliquid,
3441 5506 3769 5563 incunctantet

577 5600 869 5667 quemdam
906 5610 1201 5668 secretum,
1242 5604 1482 5661 residere
1533 5621 1633 5663 nos
1678 5607 1824 5676 fecit,
1855 5615 1910 5665 et
1934 5608 2007 5664 ita
2039 5607 2152 5679 prio
2260 5608 2519 5679 proferat,
2559 5609 2794 5665 libenter
2831 5607 3163 5678 accipimus;
3212 5603 3431 5660 collatio
3466 5598 3605 5657 enim
3638 5584 3769 5668 plu'l‘

658 5781 699 5807 ιλ
736 5780 922 5836 Matth.
966 5784 1251 5851 \',M,.15.
1708 5776 1736 5801 "
1947 5841 1958 5857 ,
2276 5774 2289 5802 ¹
2362 5788 2367 5797 ’
2426 5769 2433 5777 ’

3690 5866 3795 5892 μί’.

3430 5897 3542 5906 ν...»
3554 5890 3655 5904 ...μοο
