4036 6252
339 406 478 466 1573

1524 400 2089 461 RECOGNITIO‘NUM
2131 404 2260 455 LIB.
2306 400 2433 456 VIII.

3437 405 3577 461 1574

336 541 547 580 morum
584 523 797 580 facilius
822 538 885 579 ea
923 537 1043 593 quae
1072 522 1393 592 ignorantur
1417 520 1655 574 inveniet
1679 518 1744 573 ⁵⁵.
1765 517 1903 571 Tum
1932 522 1981 577 Α
2012 516 2164 585 prius
2203 517 2405 580 dicere,
2452 516 2567 573 sive
2593 517 2697 571 hoc
2742 517 2917 588 magis
2947 517 3124 588 placet
3151 529 3209 576 ut
3235 535 3338 593 ego
3368 520 3574 587 dicam,

334 616 464 686 ergo
498 615 686 670 Niceta
735 616 1058 685 respondit:
1090 612 1210 668 Non
1266 628 1353 667 me
1398 611 1672 673 aestimes,
1715 608 1902 675 Pater,

333 715 538 764 temere
578 708 796 775 fecisse,
845 708 991 778 quod
1046 706 1255 761 inserui
1302 722 1388 761 me
1431 704 1778 761 sermonibus
1806 702 1905 756 do-

332 800 468 854 mini
516 800 620 855 mei
669 798 835 860 Petri.
870 799 965 853 sed
1012 799 1187 869 magis
1227 814 1327 869 pro
1380 798 1591 852 honore
1637 797 1759 865 ejus
1800 796 1906 850 hoc

334 891 462 944 mihi
495 890 673 946 facere
701 892 855 945 visus
885 905 1028 946 sum.
1066 888 1241 944 Homo
1273 890 1419 943 enim
1450 886 1546 944 Dei
1572 898 1678 951 est,
1708 889 1905 959 plenus

331 984 497 1037 totius
531 982 795 1045 scientiae,
832 996 993 1051 quem
1016 996 1087 1035 ne
1108 980 1295 1034 Graeca
1316 979 1535 1049 quidem
1563 980 1693 1034 latet
1721 980 1902 1034 erudi-

331 1077 427 1139 tio,
459 1076 587 1145 quia
623 1073 830 1144 Spiritu
862 1073 956 1129 Dei
984 1073 1225 1143 repletus
1254 1081 1338 1128 est
1374 1088 1537 1143 quem
1566 1072 1705 1127 nihil
1748 1074 1900 1127 latet.

332 1169 439 1224 Sed
474 1171 601 1239 quia
629 1171 729 1238 ipsi
772 1169 838 1223 de
868 1168 1183 1223 coelestibus
1215 1166 1363 1238 loqui
1389 1168 1669 1231 convenit,
1703 1182 1806 1237 ego
1835 1166 1903 1222 de

330 1263 416 1318 his
443 1279 564 1334 quae
597 1263 663 1316 ad
695 1260 1010 1315 Graecorum
1054 1260 1445 1330 loquacitatem
1482 1259 1778 1329 pertinent,
1814 1274 1902 1313 re-

330 1355 629 1425 spondebo.
686 1350 882 1406 Postea
937 1366 1067 1405 vero
1109 1365 1275 1420 quam
1318 1364 1349 1402 a
1382 1349 1541 1403 nobis
1585 1346 1901 1402 Graecorum

329 1459 479 1497 more
524 1441 688 1495 fuerit
734 1442 1094 1510 disputatum,
1131 1447 1293 1509 atque
1332 1438 1399 1493 ad
1441 1437 1495 1492 id
1536 1446 1779 1503 ventum,
1811 1439 1902 1494 ubi

327 1534 507 1588 exitus
546 1532 731 1587 nullus
777 1538 1057 1602 appareat,
1110 1536 1250 1607 tunc.
1291 1529 1407 1600 ipse
1463 1530 1621 1600 quasi
1672 1530 1902 1585 scientia

328 1625 424 1678 Dei
457 1626 717 1693 repletus,
767 1631 955 1693 aperte
1002 1632 1057 1678 et
1103 1623 1345 1678 dilucide
1375 1636 1557 1677 rerum
1588 1622 1748 1678 nobis
1782 1638 1903 1676 om-

327 1720 478 1771 nium
515 1716 805 1786 patefaciet
846 1717 1155 1782 veritatem,
1189 1724 1248 1770 ut
1277 1730 1388 1769 non
1417 1716 1599 1770 solum
1644 1730 1767 1780 nos,
1802 1714 1899 1770 sed

325 1820 380 1866 et
411 1823 601 1865 omnes
636 1810 728 1880 qui
754 1818 963 1880 praesto
1016 1818 1145 1863 sunt
1187 1807 1490 1872 auditores,
1522 1808 1665 1862 viam
1698 1808 1898 1862 verita-

324 1902 397 1956 tis
429 1908 752 1971 agnoscant.
786 1900 851 1953 Et
889 1899 1011 1955 ideo
1050 1915 1197 1955 nunc
1227 1900 1345 1970 ipse
1382 1900 1540 1969 quasi
1569 1899 1776 1953 arbiter
1804 1914 1894 1954 se-
1930 1882 1970 1937 Β

322 1993 471 2055 deat,
509 2000 568 2045 ut
608 2006 731 2045 cum
782 2006 925 2045 unus
956 1990 1154 2061 aliquis
1185 2006 1252 2045 ex
1286 1990 1445 2044 nobis
1478 1992 1729 2054 cesserit,
1763 1998 1897 2046 tunc

320 2084 441 2155 ipse
464 2084 770 2153 suscipiens
803 2082 1165 2137 indubitatam
1197 2082 1523 2137 sententiam
1558 2081 1716 2137 ferat.

394 2175 482 2231 VI.
528 2174 651 2230 Hzec
688 2190 812 2229 cum
861 2175 1091 2230 dixisset
1129 2173 1339 2236 Niceta,
1388 2173 1445 2227 bi
1492 2173 1585 2243 qui
1633 2187 1900 2228 convene-

318 2275 447 2323 rant
497 2268 640 2322 inter
680 2267 1003 2337 semetipsos
1040 2265 1496 2336 colloquebantur
1536 2282 1550 2320 :
1597 2264 1769 2319 Hicne
1813 2272 1898 2319 est

316 2359 412 2413 ille
455 2372 616 2427 quem
658 2355 1013 2411 audiebamus
1062 2354 1279 2419 Petrus,
1314 2355 1459 2411 illius
1491 2354 1586 2426 qui
1623 2355 1679 2409 in
1710 2353 1893 2409 Iudaea

314 2451 571 2519 apparuit
602 2457 657 2505 et
692 2448 849 2518 signa
891 2462 955 2501 ac
995 2446 1223 2501 virtutes
1253 2446 1517 2516 plurimas
1547 2445 1697 2511 fecit,
1729 2445 1896 2501 disci-

313 2542 483 2613 pulus
514 2538 967 2611 probatissimus?
995 2536 1061 2591 Et
1100 2537 1446 2593 intendentes
1487 2538 1543 2591 in
1586 2553 1733 2602 eum,
1767 2551 1895 2591 cum

312 2635 515 2689 timore
569 2649 633 2687 ac
681 2631 1029 2687 veneratione
1080 2630 1289 2701 ingenti
1345 2632 1598 2695 stabant,
1631 2638 1893 2700 tanquam

312 2728 446 2783 boni
477 2727 619 2781 servi
652 2726 918 2781 honorem
968 2726 1190 2781 domino
1222 2724 1551 2781 deferentes.
1593 2724 1752 2793 Quod
1800 2725 1895 2781 ubi

312 2815 519 2870 Petrus
552 2816 746 2880 sensit,
785 2816 860 2869 ait
892 2815 959 2869 ad
990 2832 1087 2871 eos
1113 2832 1126 2867 :
1155 2816 1431 2870 Attentius
1460 2815 1767 2881 audiamus,
1804 2829 1897 2871 re-

312 2916 468 2964 ctum
490 2915 736 2963 tenentes
760 2908 1027 2976 judicium
1044 2908 1111 2964 de
1134 2909 1218 2961 his
1240 2923 1359 2978 quae
1380 2908 1633 2963 dicentur
1652 2909 1720 2963 ab
1744 2917 1895 2963 utro-

311 3015 446 3070 quc,
477 3005 676 3068 etpost
711 3001 956 3069 ipsorum
986 2998 1321 3065 conﬂictum,
1344 3000 1489 3071 quod
1520 3000 1894 3055 necessarium

309 3094 499 3149 visum
523 3091 706 3155 fuerit,
738 3092 1003 3148 addemus
1035 3102 1087 3149 et
1118 3109 1239 3148 nos.
1273 3093 1338 3148 Et
1368 3109 1493 3149 cum
1532 3094 1646 3149 haec
1667 3093 1895 3149 dixisset

310 3185 538 3248 Petrus,
574 3185 774 3256 gavisa:
815 3192 944 3238 sunt
980 3185 1169 3241 turbae.
1207 3185 1393 3241 Niceta
1428 3201 1557 3240 vero
1588 3185 1768 3243 dicere
1790 3186 1895 3241 hoc
1924 3219 1967 3278 ο

310 3278 485 3334 modo
532 3292 830 3349 aggressus
886 3287 970 3333 est
1004 3296 1017 3333 :
1048 3277 1315 3344 Delinisti,
1368 3276 1553 3342 Pater,
1594 3279 1740 3348 quod
1784 3294 1893 3332 non

310 3387 419 3443 per
448 3369 542 3424 Dei
578 3369 973 3440 providentiam
1005 3370 1244 3424 mundus
1292 3379 1535 3439 regatur,
1571 3370 1667 3425 sed
1712 3371 1894 3425 omnia

309 3459 510 3529 genesi
564 3458 907 3527 subjaceant,
982 3458 1067 3513 vel
1118 3472 1240 3527 quze
1296 3458 1365 3512 ad
1418 3474 1598 3514 mores
1633 3460 1897 3516 uniuscuo

304 3552 519 3624 jusque
544 3552 627 3605 vel
668 3567 789 3621 qua:
818 3552 885 3606 ad
927 3562 1080 3621 gesta
1113 3551 1406 3621 pertinent.
1438 3549 1519 3605 Ad
1554 3568 1676 3622 qua:
1705 3554 1893 3609 statim

309 3641 541 3713 quidem
573 3645 725 3710 potui
758 3642 1108 3712 respondere,
1140 3642 1235 3696 sed
1269 3642 1397 3712 quia
1426 3642 1639 3713 justum
1659 3652 1744 3699 est
1774 3661 1894 3701 ser-

307 3749 453 3789 vavre
503 3734 778 3799 ordinem,
826 3733 1116 3791 deﬁnimus
1164 3742 1219 3789 et
1266 3751 1367 3791 nos
1412 3736 1544 3807 quid
1585 3743 1892 3802 teneamus,

309 3828 467 3883 sicut
513 3826 631 3895 ipse
665 3825 781 3881 ﬁeri
815 3827 1044 3896 rogasti.
1081 3827 1194 3898 Ego
1240 3827 1364 3883 dico
1410 3828 1753 3899 providentia
1796 3829 1893 3886 Dei

308 3919 617 3992 gubernari
649 3918 935 3983 mundum,
972 3918 1028 3972 in
1066 3918 1153 3975 bis
1181 3918 1446 3974 duntaxat
1471 3936 1593 3991 qua:
1620 3922 1895 3992 guberna-

306 4016 471 4071 tione
512 4011 633 4081 ejus
666 4011 931 4082 indigent.
964 4010 1138 4066 ‘Unus
1171 4020 1254 4068 est
1290 4012 1437 4066 enim
1473 4014 1658 4067 omnia
1699 4022 1894 4071 tenens

302 4107 409 4176 qui
471 4113 526 4159 et
570 4104 835 4159 mundum
872 4103 1019 4170 fecit,
1050 4105 1234 4174 justus
1266 4103 1434 4170 Deus,
1479 4107 1778 4177 unicuique
1806 4123 1894 4163 se-

302 4196 563 4254 cundum
587 4202 741 4265 gesta
773 4210 871 4250 sua
900 4195 1231 4266 quandoque
1255 4195 1593 4251 redditurus.
1620 4194 1762 4251 Ecce
1788 4197 1889 4250 ha-

300 4288 410 4344 bes
446 4291 507 4340 et
529 4292 773 4341 nostram
807 4285 1209 4353 deﬁnitionem;
1244 4302 1393 4342 nunc
1438 4285 1584 4358 quod
1607 4288 1688 4343 vis
1711 4304 1898 4359 prose-

296 4392 512 4451 quere,
537 4376 622 4431 vel
657 4392 778 4432 mea
801 4376 1113 4441 destruens,
1149 4378 1234 4434 vel
1264 4384 1358 4433 tua
1391 4394 1670 4444 asserens,
1705 4387 1764 4434 ut
1791 4394 1894 4451 ego

294 4476 391 4529 his
426 4486 561 4542 quae
596 4485 626 4522 a
666 4477 717 4525 te
763 4476 1187 4539 prosequentur,
1229 4485 1543 4528 occurram.
1580 4472 1689 4527 Aut
1725 4472 1773 4528 si
1805 4488 1893 4531 me

291 4569 384 4623 vis
428 4563 680 4636 priorem
703 4563 905 4623 dicere,
934 4575 1046 4615 non
1078 4564 1354 4619 morabor.

370 4657 506 4714 Vll.
549 4655 615 4710 Et
662 4671 829 4713 senex
878 4655 1197 4726 respondit:
1232 4656 1360 4712 Sive
1400 4658 1502 4715 tibi
1551 4659 1748 4730 placet,
1787 4660 1884 4727 ﬁli,

2006 606 2140 660 nihil
2182 606 2429 670 interest,
2463 608 2609 678 apud
2652 624 2747 664 eos
2777 610 3072 679 praecipue,
3102 612 3198 682 qui
3233 613 3380 668 bona
3415 614 3577 669 venia

2004 696 2307 765 disputant.
2355 697 2453 753 Dic
2503 706 2686 754 tamen
2727 709 2785 754 tu
2828 701 3001 770 prior,
3052 704 3287 760 libenter
3339 707 3575 779 accipio,

2004 795 2166 859 atque
2198 790 2405 843 utinam
2436 791 2617 859 possis
2645 792 2808 846 etiam
2836 808 2958 862 quae
2990 808 3020 847 a
3054 810 3139 849 me
3185 797 3416 852 dicenda
3448 810 3578 854 sunt

2003 885 2283 953 prosequi,
2317 893 2481 955 atque
2510 884 2596 939 his
2624 900 2746 955 quae
2770 886 3049 941 contraria
3074 898 3202 942 sunt
3231 890 3493 957 objicere,
3521 898 3576 945 et

2004 989 2072 1029 ex
2112 982 2470 1047 utrorumque
2502 977 2799 1032 collatione
2827 978 3115 1035 ostendere
3144 983 3448 1037 veritatem.
3479 980 3578 1035 Ni-

2003 1078 2121 1126 ceta
2160 1070 2439 1141 respondit
2468 1090 2480 1124 :
2511 1068 2568 1124 Si
2614 1072 2721 1133 vis,
2768 1070 2965 1141 inquit,
2996 1088 3221 1140 possunt
3262 1075 3426 1128 etiam
3452 1084 3576 1130 tuas

2004 1169 2186 1231 partes
2226 1161 2428 1225 dicere,
2468 1170 2521 1217 et
2569 1164 2638 1216 ad
2691 1163 2805 1216 haec
2856 1163 3203 1233 respondere.
3250 1165 3317 1219 Et
3362 1182 3526 1220 senex
3556 1183 3575 1219 :

2002 1252 2241 1310 Ostende
2280 1256 2412 1309 mihi
2455 1256 2628 1324 prius,
2672 1256 2949 1325 quomodo
2991 1266 3146 1327 potes
3190 1260 3333 1315 scire
3363 1276 3425 1315 ea
3451 1277 3577 1330 quae

2002 1349 2246 1402 nondum
2275 1347 2493 1403 locutus
2520 1363 2662 1411 sum,
2698 1356 2751 1402 et
2782 1349 2855 1401 ita
2885 1348 2983 1401 tibi
3012 1349 3254 1415 credam,
3278 1350 3427 1421 quod
3450 1368 3576 1421 par-

2002 1446 2085 1495 tes
2110 1455 2259 1494 meas
2289 1441 2546 1510 prosequi
2578 1440 2778 1510 possis.
2807 1438 2874 1495 Et
2902 1440 3092 1496 Niceta
3120 1460 3133 1496 :
3162 1436 3341 1509 Secta,
3374 1444 3575 1514 inquit,

2000 1541 2095 1587 tua
2124 1540 2178 1587 et
2207 1533 2477 1587 sententia
2507 1548 2671 1602 quam
2703 1531 2962 1597 deﬁnisti,
3030 1532 3321 1589 manifesta
3369 1544 3454 1591 est
3489 1537 3575 1594 his

2001 1624 2096 1695 qui
2125 1624 2328 1679 eruditi
2359 1631 2490 1679 sunt
2528 1624 2583 1679 in
2614 1623 2928 1693 hujusmodi
2957 1624 3283 1695 disciplinis,
3314 1636 3577 1698 certaque

2001 1725 2087 1773 est
2106 1717 2227 1786 ejus
2251 1717 2665 1787 consequentia.
2694 1715 2758 1770 Et
2779 1716 2908 1788 quia
2936 1732 3036 1788 ego
3066 1733 3174 1773 non
3198 1735 3317 1775 sum
3348 1719 3575 1791 ignarus

2002 1826 2123 1882 quze
2167 1812 2277 1865 sint
2326 1808 2671 1865 deﬁnitiones
2711 1810 3182 1881 philoSOphorum,
3215 1827 3283 1867 ex
3326 1812 3411 1866 his
3447 1820 3572 1882 qua:

2000 1900 2355 1974 proposuisti,
2416 1901 2549 1971 quid
2606 1910 2978 1974 consequatur
3034 1917 3293 1972 agnosco,
3338 1903 3575 1958 maxime

2000 1997 2128 2066 quia
2164 2011 2275 2065 prae
2316 1995 2527 2050 caeteris
2571 1993 2912 2064 philosophis
2960 1993 3181 2065 Epicuri
3215 1994 3434 2049 scholas
3463 1994 3576 2049 fre-

1998 2089 2279 2159 quentavi.
2331 2086 2525 2142 Frater
2564 2096 2745 2141 autem
2789 2101 2944 2141 meus
2976 2084 3196 2155 Aquila,
3230 2086 3406 2155 magis
3436 2085 3576 2159 Pyr-

1998 2178 2223 2234 rhonios
2259 2184 2482 2233 secutus
2510 2183 2615 2236 est,
2645 2175 2784 2229 alius
2823 2181 3005 2229 autem
3036 2173 3207 2228 frater
3236 2183 3425 2230 noster
3449 2173 3578 2228 Pla-

1998 2269 2214 2325 tonicos
2242 2275 2297 2323 et
2331 2266 2711 2322 Aristotelicos
2742 2265 2890 2336 (48);
2935 2265 3121 2335 itaque
3162 2280 3289 2319 cum
3340 2264 3575 2321 eruditis

2000 2361 2096 2417 tibi
2113 2360 2454 2414 auditoribus
2467 2373 2648 2414 sermo
2660 2365 2763 2414 est.
2782 2355 2922 2410 Tum
2945 2371 3113 2412 senex
3141 2375 3155 2411 :
3187 2356 3353 2421 Bene,
3372 2357 3570 2428 inquit,

1997 2460 2052 2508 et
2064 2458 2465 2522 consequenter
2476 2449 2736 2510 docuisti,
2753 2448 3027 2519 quomodo
3042 2463 3107 2503 ex
3132 2449 3216 2503 his
3238 2464 3358 2519 quae
3370 2464 3575 2520 pr0po-

1999 2545 2119 2601 sitte
2147 2551 2275 2600 sunt
2304 2541 2735 2604 deﬁnitionibus,
2753 2541 2916 2593 etiam
2936 2555 2999 2595 ea
3015 2556 3136 2611 quae
3160 2551 3577 2611 consequuntur

1997 2635 2330 2690 adverteres.
2355 2631 2461 2688 Sed
2484 2647 2587 2703 ego
2615 2632 2850 2702 amplius
2880 2631 3085 2702 aliquid
3110 2632 3392 2702 professus
3427 2651 3574 2699 sum,

1997 2741 2162 2798 quam
2223 2727 2389 2781 sentit
2441 2724 2742 2795 Epicurus,
2798 2724 2926 2793 quia
2981 2724 3260 2779 introduxi
3309 2726 3571 2796 genesim,

1995 2834 2223 2887 eamque
2240 2832 2460 2872 causam
2492 2818 2731 2871 omnium
2755 2827 3030 2889 gestorum
3055 2818 3368 2875 hominibus
3392 2822 3572 2891 posui.

2067 2907 2204 2966 VIII.
2246 2908 2493 2979 Cumque
2530 2908 2645 2963 haec
2688 2925 2855 2965 senex
2895 2909 3145 2978 dixisset,
3191 2927 3290 2982 ego
3320 2912 3574 2968 Clemens

1998 2999 2087 3053 aio
2112 2999 2181 3053 ad
2212 3015 2335 3054 eum
2370 3014 2384 3051 :
2419 3000 2582 3065 Audi,
2614 2999 2795 3065 Pater,
2812 2997 2856 3052 si
2882 3011 2984 3056 ate
3006 3001 3174 3057 frater
3197 3017 3350 3058 meus
3382 3002 3573 3059 Niceta

1998 3092 2321 3156 obtinuerit,
2349 3092 2477 3162 quia
2517 3108 2625 3146 non
2670 3093 2788 3148 sine
2821 3092 2916 3148 Dei
2948 3078 3291 3165 providentia
3333 3096 3572 3153 mundus

2001 3184 2204 3254 agitur,
2250 3184 2307 3239 in
2344 3184 2447 3238 ista
2477 3192 2632 3254 parte
2666 3199 2789 3253 qua:
2833 3192 3087 3255 superest
3116 3185 3185 3241 de
3216 3188 3429 3256 genesi,
3465 3204 3569 3259 ego

2002 3275 2099 3330 tibi
2128 3282 2320 3345 potero
2350 3274 2714 3345 respondere;
2742 3284 2827 3330 est
2854 3276 2996 3331 enim
3028 3277 3161 3331 mihi
3188 3279 3379 3332 notitia
3404 3278 3571 3350 hujus

2000 3367 2262 3423 scientiae.
2294 3367 2504 3422 Etcum
2528 3368 2643 3422 harc
2661 3367 2948 3434 dixissem,
2976 3368 3144 3425 frater
3169 3387 3321 3429 meus
3342 3372 3536 3445 Aquila
3556 3393 3570 3431 :

1998 3459 2140 3525 Quid
2174 3474 2399 3514 necesse
2444 3466 2550 3523 est,
2575 3460 2773 3530 inquit,
2803 3473 2862 3516 ut
2893 3477 3017 3517 eum
3048 3471 3256 3532 patrem
3290 3479 3571 3529 vocemus,

1998 3567 2123 3606 cum
2156 3552 2211 3606 in
2239 3550 2515 3605 mandatis
2545 3551 2844 3608 habeamus
2874 3553 3145 3609 neminem
3178 3571 3343 3625 super
3369 3566 3572 3613 terrant

1999 3653 2208 3715 patrem
2239 3642 2477 3697 vocare?
2506 3641 2570 3696 Et
2598 3652 2723 3713 post
2762 3644 2877 3699 haec
2898 3645 3200 3716 respiciens
3232 3647 3301 3702 ad
3330 3664 3519 3704 senem
3547 3666 3564 3702 :

1996 3734 2119 3792 Non
2166 3736 2453 3807 injuriose,
2498 3734 2698 3806 inquit,
2754 3736 3020 3807 accipias,
3052 3736 3237 3804 Pater,
3283 3741 3430 3810 quod
3462 3740 3575 3795 fra-

2000 3834 2139 3884 trem
2185 3844 2366 3885 meum
2418 3828 2657 3900 culpavi,
2689 3828 2819 3899 quia
2865 3836 2920 3885 te
2948 3838 3158 3901 patrem
3190 3843 3443 3901 vocaret;
3474 3833 3572 3887 ha-

1998 3921 2191 3976 bemus
2220 3920 2365 3975 enim
2411 3920 2522 3975 tale
2578 3920 2920 3986 mandatum,
2951 3936 3021 3976 ne
3075 3921 3311 3992 aliquem
3343 3922 3571 3979 nomine

1997 4013 2105 4069 isto
2162 4012 2464 4068 vocitemus
2484 4012 2551 4067 ⁸⁸.
2592 4012 2840 4080 Cumque
2897 4013 3012 4067 haec
3065 4014 3295 4069 dixisset
3344 4016 3565 4087 Aquila,

1977 4106 2120 4179 _risit
2172 4104 2416 4159 omnium
2467 4105 2761 4159 astantium
2816 4111 2992 4160 coetus
3030 4120 3136 4159 una
3181 4122 3306 4160 cum
3356 4123 3489 4164 sene
3515 4116 3573 4164 et

1982 4190 2177 4252 Petro.
2210 4196 2407 4266 Aquila
2437 4202 2617 4249 autem
2647 4193 2960 4264 requirente
2978 4209 3222 4261 causam,
3252 4213 3351 4253 cur
3378 4214 3571 4256 omnes

1995 4287 2242 4352 riserint,
2280 4288 2365 4342 aio
2388 4284 2457 4340 ad
2494 4301 2621 4341 eum
2654 4305 2667 4341 :
2697 4284 2853 4352 Quod
2883 4294 2939 4339 tu
2974 4287 3029 4341 in
3053 4302 3164 4358 quo
3187 4288 3326 4344 alios
3356 4290 3569 4360 culpas,

1996 4381 2048 4436 id
2078 4382 2194 4451 ipse
2221 4380 2375 4443 facis,
2401 4379 2495 4449 qui
2515 4393 2701 4433 senem
2723 4378 3082 4447 appellaveris
3111 4387 3343 4451 patrem.
3373 4380 3444 4437 At
3479 4382 3572 4437 ille

1995 4474 2253 4545 negabat,
2282 4472 2473 4527 dicens
2492 4468 2654 4525 :Vere
2681 4470 2872 4526 nescio
2898 4471 2945 4527 si
2975 4487 3098 4527 eum
3125 4480 3334 4543 patrem
3355 4476 3566 4529 vocavi.

1919 4553 1966 4611 Ῑ)
1995 4565 2204 4622 Interea
2226 4565 2420 4619 Petrus
2449 4564 2768 4620 movebatur
2788 4565 3195 4634 suspicionibus
3215 4566 3565 4637 quibusdam,

1997 4659 2142 4717 sicut
2198 4659 2314 4729 ipse
2361 4658 2521 4713 nobis
2573 4657 2851 4713 enarravit
2891 4659 3263 4728 postmodum,
3288 4667 3343 4715 et
3389 4659 3569 4731 respi-

382 4846 435 4877 “
470 4841 607 4908 Quae
631 4851 938 4912 sequuntur
960 4856 1148 4912 usque
1165 4841 1231 4912 ad
1256 4840 1415 4912 ﬁnem
1444 4842 1606 4912 hujus
1639 4842 1783 4912 libri,
1813 4844 2051 4900 breviter
2080 4840 2458 4897 tantummodo
2492 4849 2546 4895 et
2577 4838 2631 4893 in
2661 4835 3043 4908 compendium
3075 4840 3290 4896 redacta
3320 4842 3375 4899 in
3404 4844 3567 4900 codd.

297 4931 450 4974 mss.
502 4912 684 4983 Lipss.
708 4910 1081 4969 continentur.
1104 4910 1228 4966 για.
1261 4911 1471 4983 praefat.
1518 4910 1797 4970 "Matth.
1829 4930 1983 4982 χχιιι,
2013 4914 2067 4969 9.

1625 5051 1994 5107 COTELERH
2030 5050 2263 5107 ΝΟΤιιΕ.

380 5216 505 5290 (48)
550 5213 699 5290 Alitis
730 5213 1318 5290 autem‘fratennoster,
1355 5210 1660 5290 Platonicos
1683 5219 1733 5290 et
1765 5210 1888 5290 ᾼτὶ-

294 5282 609 5350 ειοίειῐεοδ.
642 5282 823 5349 Elogia
853 5284 1149 5339 Clementis
1179 5285 1230 5337 in
1261 5283 1456 5337 litteris
1491 5282 1741 5336 humanis
1774 5282 1888 5335 haec

217 5372 223 5379 '
294 5367 443 5419 sunt
480 5376 495 5411 :
536 5353 861 5424 Clemensea:
890 5354 1194 5423 philosopho
1234 5369 1440 5424 magna’
1481 5353 1888 5424 doctrinte_uir_;

290 5423 734 5494 Commentario
765 5419 933 5492 Epist.
954 5424 1022 5476 ad
1059 5419 1436 5494 Philippensem
1461 5424 1513 5476 in
1532 5440 1675 5487 c.tv,
1701 5419 1865 5494 LVIII

292 5495 635 5565 Hieronymi
663 5512 675 5547 :
696 5491 933 5548 Clemens
955 5496 1097 5545 omni
1120 5491 1339 5549 scientia
1362 5495 1605 5564 refertus,
1636 5493 1892 5565 omnium-

289 5589 399 5649 que
433 5562 743 5649 [ἱίζὲζςιιὶαηι
795 5565 988 5617 artium
1019 5562 1765 5649 peritissimustucl'i‘erli‘ns,
1794 5562 1895 5616 Pa-

290 5634 511 5703 f-aanesi
554 5635 627 5689 De
656 5644 949 5703 contemptu
974 5634 1154 5686 mundi
1190 5651 1208 5688 :
1242 5638 1527 5705 Acceperat
1558 5636 1623 5691 Β.
1646 5636 1884 5705 Clemens

286 5712 595 5775 scientiam
622 5705 1085 5776 quamplurimum,
1108 5708 1184 5757 ita
1225 5717 1283 5759 ut
1322 5704 1550 5774 optimus
1579 5706 1788 5776 quidem
1818 5704 1888 5758 il-

288 5790 405 5843 lius
460 5775 718 5846 temporis
762 5775 1097 5847 philosophus
1132 5775 1432 5840 haberetur,
1476 5775 1618 5847 apud
1648 5777 1886 5831 Bernaro-

286 5863 432 5916 dunt
472 5852 730 5908 Sermone
770 5850 830 5904 de
864 5846 921 5905 S.
970 5846 1272 5904 Clemente:
1309 5846 1535 5922 Κλὴμηζ
1567 5852 1594 5904 ὁ
1628 5847 1789 5911 πολὺς
1832 5849 1889 5901 ὲν

1991 5214 2152 5283 σοφίᾳ
2180 5212 2273 5266 καὶ
2296 5208 3117 5283 vilissiaAnastasius,_llodegi
3146 5225 3266 5279 cap.
3289 5212 3341 5283 I.
3373 5211 3573 5271 EtClea

1991 5277 2230 5339 mentem
2265 5277 2659 5351 philosophum
2684 5277 2943 5350 Dionysio
2972 5277 3249 5351 laudtaum
3279 5281 3355 5336 De
3376 5286 3570 5341 divinis

1991 5348 2310 5417 nominibus,
2345 5368 2467 5422 cap.
2488 5348 2565 5417 ’5;
2610 5348 2961 5422 Maximusiet
2996 5350 3371 5422 Pacbymeres
3427 5356 3573 5410 hunc

1990 5422 2294 5478 Romanum
2328 5419 2957 5490 intérpretanturNerba
2988 5420 3044 5475 S.
3078 5419 3181 5475 Nili
3214 5432 3363 5488 sunt,
3385 5424 3479 5481 lib.
3505 5442 3567 5490 ιι,

1990 5496 2154 5565 epist.
2180 5494 2270 5553 49,
2313 5510 2366 5563 p.
2398 5493 2502 5565 HO
2522 5512 2543 5565 ς
2577 5492 2691 5565 0le):
2718 5490 2990 5565 ’Δπρλλὼς
3018 5494 3046 5545 ὁ
3075 5490 3458 5565 ξΑλεξᾳνδρεὺς
3484 5496 3573 5549 λό-

1992 5560 2110 5654 γζεος
2141 5568 2170 5618 ὁ
2198 5560 2582 5654 ποτίῖῖῂεξιῖξγ
2597 5560 3178 5654 Ferre“???
3283 5560 3576 5654 Ελήιεηςβ

2018 5636 2287 5707 Ρωμαίων
2330 5633 2654 5707 φιλόσρφοςμ,
2687 5647 2811 5701 qua:
2855 5633 2936 5689 sic
2966 5641 3143 5707 _verto
3169 5653 3182 5688 :
3212 5633 3339 5707 Non
3378 5633 3573 5704 Ᾰρὸιιο

1993 5702 2389 5760 Aleaiandrinus
2416 5774 2423 5775 ί
2453 5704 2537 5757 vir
2585 5703 2828 5775 eloquens
2856 5744 2872 5769 ,
2930 5702 3133 5775 rigator
3187 5702 3572 5775 discipulorum

1995 5719 2389 5760 Alexandrinus
2453 5720 2537 5757 Vll‘
2585 5719 2666 5757 elo
2703 5719 2828 5757 uena
2856 5744 2872 5769 ,
2930 5719 3133 5772 rigator
3187 5719 3325 5775 αιδοιλ

1995 5778 2195 5835 Christi
2219 5794 2235 5838 :
2261 5794 2361 5833 non
2394 5719 2946 5843 Clemensﬁiomanus
2970 5774 3325 5845 philosovhus.
