4022 6274
543 368 682 424 I375

1393 362 1451 417 S.
1488 356 1932 417 CLEMENTISI
1972 355 2140 411 ΒΟΜ.

2173 352 2610 409 pomorum
2650 308 2878 408 nenia.
3638 357 3748 411 I376

540 486 693 539 ciens
723 483 788 537 ad
818 482 1057 535 Nicetam
1083 500 1096 536 :
1128 479 1567 550 Expedi,inquit,
1588 476 1731 547 quod
1755 473 2103 545 proposuisti.
2140 480 2188 534 Α
2217 480 2464 535 vocatur,
2498 469 2702 525 frustra
2726 470 2941 539 justitia
2980 469 3307 537 custoditur,
3350 471 3549 540 quippe
3583 471 3625 525 si
3662 488 3748 526 non

600 573 694 629 IX.
738 574 875 628 Tum
929 572 1117 627 Niceta
1166 573 1270 626 hoc
1323 570 1483 625 modo
1530 582 1759 624 exorsus
1790 563 2111 621 est:0mne

538 667 684 737 quod
724 673 831 729 est,
864 674 958 720 aut
1006 666 1235 735 simplex
1283 672 1368 718 est
1417 670 1509 715 aut
1536 659 1918 729 compositum.
1952 656 2108 722 Quod

540 760 774 829 simplex
804 766 888 814 est
918 758 1053 828 (49).
1100 764 1252 811 caret
1302 768 1551 815 numero,
1583 750 1874 812 divisione,
1905 749 2108 814 colore,

539 851 874 915 differentia,
930 850 1246 918 asperitate,
1299 847 1542 909 lenitate,
1576 843 1835 914 pondere,
1870 841 2107 904 levitate,

540 944 825 1013 qualitate,
870 943 1192 1012 quantitate.
1235 946 1289 994 et
1328 939 1398 993 ob
1441 939 1542 991 hoc
1581 936 1745 990 etiam
1787 934 1914 987 fine.
1952 931 2111 998 Quod

539 1051 669 1091 vero
697 1034 1060 1104 compositum
1106 1038 1209 1095 est,
1251 1039 1343 1083 aut
1379 1046 1444 1084 ex
1476 1028 1694 1083 duobus
1725 1034 1816 1080 aut
1844 1024 2111 1081 extribus

539 1135 633 1180 aut
658 1127 818 1181 etiam
859 1140 925 1180 ex
954 1132 1187 1194 quatuor
1212 1121 1573 1190 compositum
1606 1129 1709 1182 est,
1746 1124 1840 1171 aut
1869 1124 2016 1171 certe
2043 1131 2107 1170 ex

540 1218 813 1289 pluribus,
837 1225 890 1271 et
918 1232 1038 1286 quae
1068 1214 1370 1284 composita
1414 1219 1562 1274 sunt,
1599 1209 1910 1266 necessario
1947 1207 2107 1263 etiam

538 1308 710 1365 dividi
743 1315 991 1379 possunt.
1036 1306 1101 1359 Et
1128 1322 1291 1360 senex
1324 1304 1554 1358 audiens
1585 1303 1697 1356 hazc
1723 1321 1735 1355 :
1759 1300 1992 1371 Optime,
2024 1300 2111 1353 in-

538 1402 678 1472 quit,
710 1410 765 1456 et
804 1399 1121 1455 doctissime
1163 1398 1320 1458 dicis,
1357 1396 1451 1449 fili.
1482 1394 1549 1449 Et
1579 1394 1767 1450 Niceta
1800 1411 1813 1447 :
1843 1392 2015 1464 Igitur
2045 1392 2110 1445 il-

538 1492 630 1546 Iud
662 1489 804 1561 quod
836 1489 1065 1559 simplex
1097 1498 1181 1543 est
1207 1498 1260 1541 et
1293 1486 1382 1541 his
1413 1485 1673 1540 omnibus
1702 1492 1876 1549 caret,
1907 1484 2109 1555 quibus

538 1584 675 1640 solvi
705 1582 847 1651 quod
891 1580 1165 1642 subsistit,
1209 1585 1409 1648 potest,
1439 1577 1559 1631 sine
1589 1577 1754 1631 dubio
1800 1577 2109 1647 incompre-

537 1674 804 1729 hensibile
834 1679 889 1725 et
931 1672 1260 1725 immensum
1297 1676 1402 1735 est,
1436 1684 1612 1739 neque
1656 1669 1873 1723 initium
1932 1669 2102 1722 ullum

534 1784 711 1838 neque
742 1767 904 1820 linem
947 1764 1152 1825 sciens,
1184 1768 1239 1816 et
1270 1762 1392 1816 ideo
1424 1777 1593 1815 unum
1624 1768 1678 1815 et
1708 1761 1883 1816 solum
1909 1768 2015 1821 est,
2052 1767 2107 1812 et

534 1860 653 1915 sine
699 1865 927 1912 auctore
970 1855 1304 1911 subsistens.
1337 1851 1494 1918 Quod
1529 1860 1711 1907 autem
1740 1853 2103 1922 compositum

531 1962 638 2016 est,
672 1962 726 2008 et
755 1966 985 2006 numero
1006 1964 1071 2003 ac
1103 1948 1407 2003 diversitati
1438 1947 1804 2017 divisionique
1836 1946 2102 2015 subjacet,

534 2042 853 2099 necessario
878 2048 1102 2094 auctore
1132 2039 1317 2108 aliquo
1345 2039 1707 2107 compositum
1739 2048 1842 2101 est,
1862 2046 2026 2107 atque
2050 2037 2106 2091 in

532 2147 700 2185 unam
756 2130 991 2200 speciem
1044 2128 1332 2183 diversitas
1380 2140 1726 2199 congregata.
1774 2128 1929 2195 Quod
1982 2147 2110 2202 ergo

535 2222 862 2276 immensum
890 2230 990 2284 est,
1025 2220 1268 2273 bonitate
1310 2228 1462 2287 pater
1483 2227 1587 2283 est,
1612 2220 1810 2274 virtute
1840 2221 2109 2277 conditor.

532 2310 718 2381 Ncun
766 2327 895 2380 ergo
946 2310 1212 2363 condendi
1258 2310 1431 2365 virtus
1477 2312 1530 2365 iu
1576 2312 1843 2365 immenso
1897 2328 2112 2369 cessare

532 2406 732 2475 potuit,
769 2420 943 2468 neque
975 2402 1191 2459 bonitas
1216 2404 1399 2470 otiari,
1426 2405 1518 2460 sed
1542 2405 1607 2459 ad
1634 2406 2011 2460 suhstituenda
2048 2419 2112 2461 ea

532 2513 656 2565 quae
686 2506 845 2562 sunt,
890 2495 1130 2550 bonitate
1158 2536 1174 2562 ,
1222 2496 1289 2550 ad
1337 2497 1710 2566 componenda
1743 2506 1799 2552 et
1827 2497 2112 2563 firmanda,

532 2588 737 2642 virtute
776 2594 1128 2655 provocatur.
1170 2583 1594 2639 Substituuntur
1621 2598 1750 2654 ergo
1782 2591 1835 2638 et
1882 2599 2106 2655 compo-

533 2690 741 2734 nuntur
770 2677 1039 2748 quaedam,
1069 2686 1128 2730 ut
1156 2676 1413 2739 diximus,
1446 2693 1510 2731 ex
1550 2674 1767 2730 duobus
1794 2676 1876 2729 vel
1908 2691 1974 2730 ex
2006 2676 2106 2730 tri-

534 2771 659 2835 bus,
705 2771 950 2840 quzrdam
994 2784 1124 2823 vero
1167 2784 1234 2822 ex
1278 2777 1536 2839 quattuor,
1576 2768 1681 2821 alia
1727 2784 1794 2822 ex
1832 2767 2100 2837 pluribus.

536 2861 643 2916 Sed
673 2860 933 2932 quoniam
968 2875 1114 2913 nunc
1144 2859 1302 2914 nobis
1334 2859 1401 2914 de
1439 2859 1626 2913 mundi
1670 2860 1877 2913 ratione
1908 2857 2097 2929 quaeri-

532 2963 620 3009 tur
644 2961 698 3008 et
731 2956 797 3007 de
827 2952 1134 3007 substantia
1195 2950 1337 3020 ejus,
1375 2966 1538 3021 quam
1589 2967 1658 3005 ex
1706 2957 1940 3021 quatuor
1989 2950 2103 3004 ele-

531 3046 729 3101 mentis
777 3060 901 3101 esse
951 3044 1311 3113 compositam
1360 3049 1598 3105 constat,
1643 3042 1730 3096 cui
1776 3057 1965 3097 omnes
1999 3041 2105 3097 illa:

2214 570 2294 618 est
2341 564 2435 634 qui
2476 562 2631 633 justo
2681 578 2779 633 pro
2812 561 3027 616 meritis
3052 560 3343 631 aliquando
3362 564 3631 618 restituat.
3663 563 3748 619 Sed

2213 673 2281 710 ne
2305 656 2484 709 anima
2516 655 2732 725 quidem
2766 653 2882 724 ipsa
2907 654 3231 709 immortalis
3259 653 3548 719 videbitur,
3579 655 3621 710 si
3652 671 3747 710 eam

2212 759 2337 821 post
2401 749 2798 804 absolutionem
2868 747 3115 818 corporis
3171 747 3374 802 nullius
3434 748 3751 818 providentia:

2210 843 2448 912 excipiat
2485 840 2844 912 dispensatio.

2282 933 2371 988 XI.
2394 932 2510 988 Jam
2531 934 2578 989 si
2606 934 2871 988 doceatur
2887 948 3009 988 esse
3026 931 3393 993 Providentia,
3415 938 3468 986 et
3492 947 3583 1001 per
3603 932 3746 1001 ipsam

2214 1026 2391 1083 factus
2422 1044 2545 1084 esse
2570 1028 2807 1083 mundus
2832 1068 2847 1092 ,
2896 1028 3000 1081 alia
3041 1042 3236 1081 rursus
3270 1041 3391 1101 quae
3422 1026 3750 1081 discutiantur

2212 1130 2543 1189 occurrunt;
2572 1122 2885 1191 requiretur
2913 1120 3056 1175 enim
3085 1136 3195 1189 quo
3221 1118 3382 1173 modo
3410 1118 3481 1172 sit
3500 1117 3749 1173 Providen-

2212 1216 2313 1279 tia,
2348 1224 2528 1268 utrum
2561 1213 2885 1285 generaliter
2932 1227 3059 1282 erga
3087 1212 3269 1265 omnia
3292 1251 3307 1276 ,
3359 1225 3430 1265 an
3482 1209 3747 1279 specialiter

2210 1321 2335 1376 erga
2368 1312 2575 1374 partes,
2609 1319 2677 1357 an
2707 1311 2761 1359 et
2783 1303 3108 1375 general-iter
3137 1317 3265 1372 erga
3295 1312 3497 1373 partes,
3522 1316 3584 1353 an
3604 1311 3649 1354 et
3674 1316 3744 1369 ge

2210 1397 2468 1451 neraliter
2499 1411 2625 1466 erga
2656 1395 2838 1449 omnia
2860 1403 2912 1449 et
2937 1395 3246 1464 specialiter
3268 1408 3394 1463 erga
3435 1400 3629 1463 partes.
3666 1388 3747 1443 Ge-

2212 1490 2414 1544 neralis
2444 1499 2622 1543 autem
2653 1488 2978 1558 intelligitur
3004 1489 3105 1543 hoc
3132 1487 3312 1551 modo,
3344 1486 3502 1557 quasi
3534 1486 3595 1539 ab
3624 1485 3745 1537 initio

2210 1580 2352 1635 Deus
2392 1579 2597 1635 faciens
2635 1579 2897 1633 mundum
2943 1581 3190 1634 ordinem
3259 1580 3473 1634 dederit
3522 1579 3667 1632 rebus
3706 1585 3746 1630 et

2209 1687 2431 1726 cursum
2467 1672 2739 1736 statuerit,
2770 1679 2824 1725 et
2852 1670 2991 1723 ultra
3015 1685 3202 1724 eorum
3233 1685 3423 1723 curam
3442 1685 3558 1740 qua:
3584 1684 3746 1738 gerun-

2210 1772 2320 1827 tur,
2354 1763 2552 1817 habere
2583 1764 2902 1818 cessaverit.
2949 1760 3217 1831 Specialis
3266 1776 3400 1815 vero
3430 1776 3552 1830 erga
3597 1767 3745 1828 partes

2141 1824 2179 1874 Β
2211 1855 2314 1909 hoc
2336 1854 2497 1909 modo
2520 1862 2623 1920 est,
2652 1864 2711 1909 ut
2731 1824 3091 1925 quorumdam
3120 1853 3344 1924 quidem
3380 1853 3464 1907 vel
3494 1824 3745 1907 hominum

2207 1950 2290 2006 vel
2345 1951 2587 2005 locorum
2620 1952 3018 2021 providentiam
3051 1956 3223 2021 gerat,
3250 1948 3606 2018 quorumdam
3644 1962 3745 2001 vero

2209 2060 2317 2098 non
2343 2054 2516 2114 gerat.
2562 2043 2848 2099 Generalis
2897 2052 3076 2098 autem
3130 2043 3377 2097 omnium
3428 2050 3480 2097 et
3536 2040 3746 2112 specialis

2210 2136 2443 2205 partium
2473 2136 2635 2190 simul
2692 2136 2795 2191 hoc
2839 2135 3000 2191 modo
3053 2142 3161 2201 est,
3194 2134 3357 2204 quasi
3410 2144 3465 2189 et
3517 2134 3581 2187 ab
3625 2130 3745 2185 initio

2206 2228 2392 2283 omnia
2426 2228 2618 2282 fecerit
2651 2227 2797 2282 Deus
2823 2267 2838 2290 ,
2877 2237 2930 2281 et
2960 2242 3134 2297 usque
3178 2226 3247 2281 ad
3277 2226 3440 2280 finem
3470 2241 3561 2295 per
3593 2224 3746 2294 singu-

2207 2317 2288 2373 los
2313 2334 2561 2388 quosque
2582 2318 2979 2387 providentiam
3031 2325 3208 2389 gerat,
3268 2325 3324 2373 et
3348 2317 3630 2387 unicuique
3649 2314 3745 2368 red-

2207 2408 2297 2461 dat
2330 2422 2427 2476 pro
2457 2408 2673 2462 actibus
2706 2407 2844 2461 suis.

2276 2496 2389 2552 XII.
2414 2497 2596 2552 Prima
2619 2514 2750 2569 ergo
2769 2498 2858 2553 illa
2884 2498 3209 2568 propositio,
3234 2514 3357 2569 quae
3379 2496 3527 2560 dicit,
3556 2496 3667 2567 quia
3690 2494 3743 2548 ab

2206 2590 2362 2647 initio
2400 2590 2545 2646 Deus
2577 2590 2766 2645 fecerit
2820 2590 3028 2655 omnia,
3063 2598 3118 2645 et
3150 2606 3319 2646 cursu
3384 2598 3543 2661 atque
3590 2589 3743 2645 ordine

2207 2681 2371 2735 rebus
2401 2680 2656 2753 imposito
2692 2681 2758 2736 de
2786 2682 2996 2752 reliquo
3021 2681 3157 2736 nihil
3187 2682 3253 2737 ad
3303 2698 3365 2737 se
3415 2688 3635 2745 revocet,
3676 2695 3743 2734 sea

2205 2772 2445 2827 cundum
2486 2773 2728 2844 genesim
2785 2774 2899 2844 geri
2950 2781 3148 2828 cuncta
3183 2772 3494 2828 confirmat.
3541 2772 3614 2826 Ad
3662 2771 3740 2824 hoc

2204 2876 2336 2931 ergo
2356 2861 2532 2931 primo
2557 2862 3036 2931 respondebimus,
3059 2872 3113 2919 et
3138 2863 3225 2919 his
3248 2866 3519 2935 praecipue
3541 2864 3624 2935 qui
3638 2862 3739 2917 deos

2205 2953 2395 3008 colunt
2422 2960 2476 3006 et
2506 2953 2747 3023 genesim
2767 2953 3088 3020 defendunt,
3115 2956 3210 3025 qui
3230 2956 3421 3027 utique
3445 2972 3562 3011 cum
3583 2956 3740 3009 immo-

2207 3042 2322 3099 lant
2342 3043 2449 3099 diis
2471 3051 2525 3099 et
2555 3054 2783 3099 exorant
2811 3060 2929 3110 eos,
2964 3047 3083 3103 sine
3117 3048 3286 3103 dubio
3313 3056 3505 3103 contra
3536 3047 3738 3119 genesim

528 3136 714 3193 decem
745 3136 1063 3191 differentiae
1086 3149 1224 3205 quas
1262 3150 1429 3204 supra
1464 3134 1980 3203 comprehendimus
2010 3147 2103 3187 ac-
2132 3162 2176 3221 ρ
2211 3150 2270 3190 se
2292 3135 2681 3205 impetraturos
2710 3138 2915 3208 aliquid
2946 3148 3188 3209 sperant,
3214 3147 3267 3194 et
3297 3156 3395 3210 per
3414 3141 3511 3195 hoc
3529 3139 3737 3211 genesim

528 3230 739 3293 cidunt,
769 3230 837 3281 ab
863 3228 948 3282 his
983 3224 1338 3281 inferioribus
1363 3225 1689 3294 incipientes
1718 3224 2002 3294 gradibus,
2036 3226 2105 3283 ad

527 3324 813 3392 superiora
847 3316 1269 3373 veniemus.Via
1296 3317 1441 3371 enim
1477 3317 1635 3372 nobis
1666 3317 1734 3369 ad
1760 3317 2107 3373 intellectua-

526 3415 599 3468 lia
631 3421 684 3467 et
714 3410 1011 3465 invisibilia
1051 3410 1118 3463 ab
1144 3409 1227 3464 his
1257 3424 1378 3479 qua:
1416 3407 1662 3464 videmus
1701 3416 1755 3463 ct
1795 3416 2106 3464 contrecta-

527 3521 649 3560 mus
687 3502 868 3565 datur,
905 3502 1050 3555 sicut
1080 3501 1396 3555 continetur
1436 3501 1489 3554 in
1535 3501 1896 3557 arithmeticis
1934 3502 2104 3560 disci-

526 3594 711 3665 plinis,
735 3593 827 3646 ubi
855 3607 979 3646 cum
1013 3592 1080 3646 de
1109 3591 1309 3646 divinis
1332 3593 1615 3662 quaeritur,
1651 3594 1719 3647 ab
1751 3593 2102 3650 inferioribus

526 3686 598 3742 ad
649 3685 963 3754 superiores
1022 3700 1283 3739 numeros
1331 3685 1668 3750 ascenditur,
1702 3701 1825 3741 cum
1870 3702 1999 3742 vero
2037 3688 2105 3743 de

526 3778 893 3849 praesentibus
936 3785 990 3831 et
1041 3776 1351 3833 visibilibus
1394 3779 1532 3830 ratio
1560 3778 1873 3847 exponitur,
1908 3778 1977 3833 de
2008 3794 2103 3838 su-

526 3873 836 3943 perioribus
887 3871 951 3925 ad
1008 3870 1297 3925 inferiores
1344 3886 1602 3926 numeros
1650 3871 1783 3928 ordo
1830 3872 2099 3944 dirigitur.

525 3967 634 4020 Aut
668 3980 775 4018 non
806 3965 878 4017 ita
908 3962 1028 4018 est?

597 4055 666 4112 Χ.
708 4056 773 4109 Ει
811 4071 977 4109 senex
1004 4054 1079 4109 ait
1114 4072 1125 4106 :
1154 4052 1325 4109 Valde
1348 4054 1485 4110 bene
1517 4054 1887 4125 prosequeris.
1912 4053 1979 4108 Et
2010 4053 2103 4110 Ni—

525 4155 645 4205 ceta
678 4168 690 4203 :
729 4148 802 4203 De
831 4148 1020 4202 mundi
1051 4162 1199 4202 nunc
1238 4162 1369 4217 ergo
1417 4149 1631 4203 ratione
1659 4148 2105 4218 prosequendum.

524 4249 631 4305 est,
665 4241 824 4309 cujus
864 4242 1037 4310 prima
1076 4241 1307 4310 quaestio
1334 4240 1389 4293 in
1426 4239 1565 4294 duas
1594 4248 1779 4304 partes
1808 4241 2100 4297 dividitur.

524 4332 800 4400 Quaeritur
828 4332 973 4386 enim
1006 4339 1191 4385 utrum
1225 4331 1403 4385 factus
1428 4331 1519 4395 sit,
1546 4346 1613 4384 an
1644 4347 1751 4386 non
1774 4350 1788 4399 ;
1816 4339 1869 4385 et
1905 4332 1951 4386 si
1978 4333 2101 4403 qui-

522 4426 647 4479 dem
681 4441 788 4479 non
830 4433 913 4479 est
964 4424 1164 4487 factus,
1190 4425 1310 4493 ipse
1340 4425 1445 4479 erit
1492 4424 1626 4478 illud
1666 4424 1994 4494 ingenitum,
2029 4440 2093 4480 ex

524 4535 633 4589 quo
663 4520 865 4573 omnia.
901 4518 959 4572 Si
988 4534 1117 4572 vero
1149 4517 1326 4570 factus
1356 4525 1463 4581 est,
1497 4517 1565 4571 de
1603 4517 1707 4571 hoc
1740 4534 1937 4573 rursus
1956 4533 2101 4587 qua:-

522 4611 629 4665 stio
662 4611 716 4663 in
742 4610 879 4665 duas
916 4618 1105 4679 partes
1134 4607 1423 4673 scinditur,
1453 4617 1765 4663 utrumnam
1788 4625 1851 4665 ex
1888 4625 1948 4664 se
1978 4610 2099 4679 ipso

526 4703 704 4757 factus
748 4710 853 4767 est,
897 4718 965 4755 an
1010 4702 1078 4755 ab
1119 4700 1246 4754 alio.
1300 4698 1369 4755 Et
1411 4700 1457 4755 si
1497 4699 1717 4769 quidem
1745 4715 1776 4753 a
1806 4702 2100 4774 semetipso

523 4800 628 4853 est,
656 4793 963 4847 excluditur
998 4792 1116 4845 sine
1145 4790 1312 4845 dubio
1329 4789 1693 4845 Providentia.
1714 4786 1773 4842 Si
1799 4788 2099 4847 Providen-

526 4885 598 4937 tia
626 4900 733 4939 non
762 4885 1041 4954 recipitur,
1070 4882 1274 4938 frustra
1323 4882 1540 4937 animus
1582 4881 1650 4935 ad
1694 4882 1950 4938 virtutem
1981 4898 2103 4953 pro-

2206 3226 2445 3282 solvunt.
2468 3226 2604 3282 Cum
2636 3243 2763 3283 vero
2788 3229 2968 3284 rident
3007 3231 3101 3301 qui
3166 3232 3232 3285 ad
3268 3233 3522 3287 virtutem
3574 3246 3738 3303 provo-

2205 3324 2332 3374 cant
2354 3324 2407 3372 et
2431 3316 2497 3371 ad
2522 3318 2914 3372 continentiam
2943 3320 3324 3387 cohortantur,
3344 3335 3394 3380 et
3418 3325 3613 3386 dicunt,
3636 3319 3738 3391 quia

2205 3425 2367 3465 nemo
2392 3418 2572 3480 potest
2602 3409 2786 3467 facere
2820 3412 3024 3482 aliquid
3046 3421 3140 3468 aut
3170 3417 3281 3485 pati
3307 3456 3322 3479 ,
3372 3417 3478 3473 nisi
3533 3415 3659 3486 quod
3699 3412 3737 3466 ei

2208 3500 2318 3555 fato
2348 3500 2627 3556 decretum
2660 3510 2765 3566 est,
2792 3520 2982 3560 omnes
3012 3506 3258 3576 profecto
3281 3509 3487 3562 cultum
3515 3507 3738 3562 Diriuita-

2205 3594 2276 3649 tis
2300 3595 2652 3651 abscindunt.
2686 3596 2827 3662 Quid
2856 3598 3002 3652 enim
3027 3600 3177 3655 colas
3211 3616 3330 3669 eos,
3358 3618 3387 3656 a
3423 3604 3612 3673 quibus
3637 3616 3737 3672 pro-

2204 3684 2399 3740 mereri
2426 3685 2562 3739 nihil
2595 3687 2798 3755 possis,
2827 3686 2974 3757 quod
2998 3702 3106 3742 non
3130 3690 3375 3759 patiatur
3392 3692 3528 3745 ratio
3549 3687 3737 3744 decreti?

2204 3772 2329 3828 Περ
2380 3774 2597 3828 interim
2652 3775 2914 3831 adversus
2964 3777 3087 3833 illos
3134 3778 3281 3833 dicza
3313 3791 3461 3835 sunt.
3506 3780 3608 3849 Ego
3634 3790 3733 3832 vero

2205 3867 2468 3921 mundqu
2489 3867 2614 3922 dico
2648 3868 2762 3938 (50)
2794 3884 2823 3921 a
2854 3868 2966 3923 Deo
3000 3870 3228 3937 factum,
3261 3882 3317 3927 et
3346 3873 3415 3928 ab
3446 3874 3558 3943 ipso
3592 3884 3732 3941 quan-

2204 3959 2383 4031 doque
2414 3975 2538 4015 esse
2568 3962 2918 4027 solvendum,
2957 3975 3015 4017 ut
3050 3963 3142 4018 ille
3195 3975 3454 4036 appareat
3492 3965 3578 4037 qui
3606 3971 3731 4018 teter-

2202 4067 2308 4107 nus
2349 4057 2436 4107 est
2465 4060 2518 4106 et
2548 4051 2615 4105 ad
2659 4052 2762 4107 hoc
2794 4052 2993 4117 factus,
3044 4065 3102 4107 ut
3128 4070 3345 4125 semper
3390 4058 3457 4112 sit
3502 4068 3550 4111 et
3576 4055 3731 4123 dignos

2204 4158 2263 4198 se
2291 4142 2518 4212 recipiat
2542 4142 2750 4212 judicio
2798 4142 2912 4199 Dei.
2939 4144 3095 4211 Quod
3149 4154 3332 4201 autem
3357 4150 3430 4203 sit
3462 4146 3592 4201 alius
3620 4142 3730 4198 invi-

2204 4235 2380 4289 sibilis
2417 4234 2675 4299 mundus,
2713 4235 2821 4306 qui
2863 4236 3010 4291 hunc
3065 4238 3335 4293 visibilem
3392 4240 3530 4293 intra
3575 4240 3732 4291 semet-

2204 4326 2383 4395 ipsum
2434 4327 2735 4393 contineat,
2786 4338 3140 4398 posteaquam
3188 4329 3256 4385 de
3313 4331 3513 4386 visibili
3566 4322 3730 4381 mundo

2201 4418 2650 4484 discusserimus,
2683 4428 2813 4475 tunc
2844 4429 2897 4476 et
2923 4422 2990 4476 ad
3016 4423 3167 4476 illum
3193 4425 3493 4479 veniemus.

2135 4505 2175 4558 Ι)
2270 4509 2409 4565 Xlll.
2442 4509 2599 4566 Nunc
2632 4513 2871 4575 interim,
2903 4515 3028 4583 quia
3061 4514 3240 4569 factus
3298 4518 3369 4571 sit
3402 4515 3622 4570 mundus
3650 4510 3729 4561 iste

2197 4602 2452 4668 visibilis,
2510 4612 2783 4659 testantur
2832 4607 2996 4661 etiam
3052 4608 3499 4678 philosophorum
3548 4597 3727 4675 plurimi

2199 4696 2475 4767 sapientes
2506 4697 2629 4752 viri.
2665 4696 2771 4753 Sed
2800 4714 2869 4752 ne
2899 4698 3180 4754 videamur
3229 4702 3387 4770 quasi
3416 4709 3622 4770 egentes
3661 4709 3728 4746 as-

2198 4788 2534 4844 sertionibus
2564 4789 2641 4843 uti
2670 4790 2913 4847 voluisse
2940 4792 3193 4856 testibus,
3221 4794 3287 4848 de
3320 4792 3591 4865 principiis
3611 4789 3725 4856 ejus,

2200 4882 2247 4937 si
2274 4882 2513 4950 videtur,
2576 4900 2904 4954 quaeramus.
2960 4886 3298 4957 Corporeum
3337 4902 3459 4945 esse
3505 4882 3726 4940 mundum

1834 5072 2197 5132 COTELERII
2235 5074 2468 5133 NOTAE.

594 5257 708 5327 (49)
750 5254 901 5321 Quod
930 5255 1153 5323 simplex
1199 5262 1299 5327 est,
1340 5260 1446 5309 etc.
1477 5253 1558 5308 Ad
1591 5253 1704 5309 haec
1732 5261 1787 5310 et
1816 5258 2101 5327 sequentia

526 5325 666 5382 forte
715 5328 1014 5396 respiciens
1032 5334 1236 5396 auctor
1261 5325 1647 5394 Diaputationis
1673 5335 1860 5379 contra
1884 5325 2096 5392 Arium,

520 5408 654 5453 toni.
700 5395 979 5468 lOperum
1021 5395 1087 5468 S._
1114 5396 1422 5468 Athanasii,
1460 5397 1656 5468 p.455,
1681 5398 1905 5452 scribit:
1937 5400 2007 5452 Σὺ
2042 5399 2099 5453 δὲ

519 5471 571 5520 τι
607 5472 711 5539 φής
749 5466 812 5539 μὲ
845 5468 857 5539 [
888 5468 924 5522 t'.
959 5486 1047 5539 μοι
1112 5466 1292 5539 parato»;
1336 5466 1671 5539 wwaeaOat
1703 5468 1763 5539 τρ
1797 5468 1965 5539 θεῖον;
2000 5470 2100 5523 οὐκ

521 5536 857 5610 strnue-pedore—
894 5536 1023 5591 ποὲὲ
1058 5536 1369 5610 Κλήμεντος
1401 5536 1493 5591 τοῦ
1527 5537 2100 5610 πγαραχολφυθήσαγτος

522 5608 712 5680 ῌὲτρῲ
744 5611 820 5680 τῷ
854 5609 1153 5680 ἀποστόλῳ,
1178 5608 1235 5672 ὃς
1264 5608 1512 5678 καθαιρεῖ
1526 5609 1622 5680 τὴν
1640 5608 2094 5680 τοιαύτηνδὸξαη

526 5678 604 5734 Tu
636 5678 752 5732 vero
780 5678 904 5749 quid
939 5681 1018 5732 ais
1050 5678 1198 5740 mihi,
1222 5690 1478 5732 azternum
1504 5679 1655 5749 illum
1681 5678 1856 5731 Deum
1875 5697 1939 5734 ea
1964 5696 2091 5749 par-

523 5749 664 5802 tibus
720 5747 1013 5804 constitui?
1054 5751 1239 5802 Annon
1289 5749 1538 5801 audivisti
1580 5747 1897 5803 Clementem
1944 5747 2092 5803 Petri

521 5820 745 5875 anostoli
775 5828 1103 5885 sectatorem,
1118 5822 1204 5888 qui
1222 5818 1523 5881 huiusmodi
1540 5820 1831 5888 opinionem
1857 5821 2094 5875 subruit?

2203 5259 2594 5337 LegeAConstit.
2627 5264 2831 5332 apostol
2853 5304 2874 5337 γ,
2902 5281 2974 5330 vr,
3008 5267 3093 5331 Il,
3120 5283 3182 5322 ac
3211 5268 3435 5337 Epitom.
3466 5267 3543 5319 I7.

2274 5334 2386 5403 (50)
2427 5333 2538 5409 Ego
2551 5351 2677 5409 gero
2701 5336 3099 5409 mundum.‘etc.
3128 5339 3200 5393 De
3228 5332 3425 5409 duplici
3452 5332 3636 5409 mundo
3655 5342 3721 5381 re-

2201 5405 2355 5457 mitto
2384 5412 2436 5459 te
2460 5406 2527 5457 ad
2550 5404 2858 5461 Platonicos
2883 5415 2937 5461 et
2966 5406 3245 5464 Philonem
3278 5404 3385 5464 {ex
3414 5406 3601 5461 nostris
3619 5410 3720 5452 vero

2199 5474 2632 5549 aduenientem
2654 5476 2953 5549 Alexand‘r.
2991 5478 3190 5535 Strom.
3232 5496 3285 5545 ν,
3328 5494 3444 5549 pag.
3479 5476 3591 5533 595.
3617 5466 3716 5527 599i

2197 5542 2502 5617 Origenem.
2523 5546 2708 5599 homil.
2743 5547 2777 5600 3
2805 5548 2858 5599 in
2881 5546 3155 5602 Canticum
3184 5542 3523 5607 canticorum,
3543 5552 3594 5597 et
3609 5548 3712 5617 toni.

2193 5604 2322 5687 μιν
2371 5614 2423 5665 in
2443 5613 2744 5687 Joannem;
2820 5617 3133 5677 Eusebium.
3186 5618 3480 5687 Prwparat.
3512 5604 3713 5687 frange!-

2193 5684 2297 5755 III)._
2315 5698 2391 5743 xl,
2410 5699 2529 5754 cap.
2551 5686 2641 5749 25,
2656 5674 2755 5752 ξιξ
2782 5674 3196 5755 Augustinum.t
3216 5674 3655 5744 Retractatiouunn
3672 5674 3716 5738 ὃν

2195 5763 2247 5808 et
2276 5753 2841 5815 falsum'Ambrosium
2868 5753 2917 5813 in
2954 5758 2979 5812 Ι
3008 5760 3244 5816 Corinth.
3279 5776 3352 5827 vi,
3375 5758 3428 5813 2.
