4036 6252
365 300 497 356 15ἷῖ

1531 251 2094 353 RECDGNITIONUM
2133 294 2264 351 LIB.
2305 292 2437 351 VIII.

3493 301 3631 357 1578

361 417 512 474 hunc
568 415 866 482 visibilem,
927 428 993 469 eo
1018 414 1140 485 ipso
1170 412 1321 486 quod
1374 408 1463 469 est
1483 412 1722 469 visibilis
1749 453 1764 477 ,
1815 414 1947 468 satis
1975 422 2021 478 Α
2053 412 2176 481 plex
2216 426 2317 466 nec
2340 410 2569 465 haberet
2612 407 2756 463 intra
2784 408 3015 465 sealiud
3066 427 3098 466 ιι
3155 428 3265 482 quo
3311 413 3513 469 resolvi
3563 430 3629 469 ac

331 514 599 565 'constat.
633 507 806 563 Omne
834 510 1015 561 autem
1051 521 1255 578 corpus
1272 506 1411 562 duas
1441 507 1631 576 recipit
1684 505 1943 561 differen-

332 599 497 667 tias;
528 608 625 653 aut
654 600 800 653 enim
823 613 1133 654 connexum
1182 608 1264 654 est
1292 606 1345 654 et
1377 599 1635 664 solidum,
1670 606 1765 653 aut
1799 600 1941 654 divi-

2049 503 2218 558 dividi
2244 503 2462 574 posset?
2492 502 2648 569 Quod
2683 502 2728 557 si
2762 518 2827 557 ex
2859 505 3076 560 duobus
3126 516 3220 560 aut
3280 510 3487 573 tribus,
3542 510 3628 564 vel

2044 598 2211 652 etiam
2245 613 2310 651 ex
2340 603 2576 666 quatuor
2604 606 2861 651 constare
2914 612 3145 666 corpora
3198 600 3479 663 videntur,
3536 603 3626 655 cui

360 708 481 747 sum
514 700 569 747 et
593 697 928 762 separatum.
963 690 1030 745 Et
1061 691 1107 747 si
1131 690 1350 762 quidem
1404 707 1714 746 connexum
1748 691 1850 747 fuit
1888 700 1943 748 et
2047 688 2337 743 nonetiam
2372 689 2628 759 exiguum
2660 689 2883 743 habenti
2910 707 3131 745 sensum
3159 693 3506 747 manifestum
3532 694 3624 756 sit,

359 783 594 839 solidum
626 799 829 853 corpus
851 799 918 838 ex
949 799 1059 853 quo
1102 782 1341 840 mundus
1376 783 1553 840 factus
1594 792 1701 851 est,
1751 793 1803 839 et
1848 800 1943 855 per
2043 780 2187 851 quod
2213 780 2376 835 fuerit
2399 782 2598 851 aliquis
2629 782 2720 850 qui
2758 782 2811 835 in
2844 798 3010 836 unum
3038 784 3193 851 plura
3234 785 3535 855 collegerit.
3570 793 3626 839 et

356 875 606 933 diversas
639 876 851 945 species
903 883 1197 947 partesque
1252 878 1553 932 secundum
1605 878 1940 934 differentias

355 965 441 1020 sui
473 980 674 1035 corpus
717 965 849 1020 illud
884 966 1145 1036 partitum
1190 974 1275 1021 est
1308 974 1362 1022 et
1395 967 1653 1029 divisum,
1714 982 1939 1022 necesse

352 1064 438 1113 est
488 1057 719 1130 intelligi
757 1057 931 1114 fuisse
983 1058 1221 1128 aliquem
1260 1058 1356 1128 qui
1388 1075 1588 1129 corpus
1624 1058 1771 1129 quod
1820 1066 1937 1113 erat

350 1166 659 1206 connexum
691 1158 745 1205 et
776 1151 1013 1207 solidum
1058 1151 1381 1215 dirimeret,
1417 1159 1583 1222 atque
1641 1152 1697 1205 in
1752 1159 1935 1221 partes

351 1242 556 1297 multas
587 1242 812 1297 duceret
844 1242 1159 1312 formasque
1189 1242 1458 1297 diversas.
1518 1243 1624 1297 Aut
1670 1243 1715 1297 si
1747 1260 1813 1297 ex
1846 1242 1933 1296 di-

347 1335 525 1391 versis
549 1334 926 1405 dispersisque
945 1350 1243 1406 corporum
1272 1335 1523 1405 partibus
1545 1335 1724 1389 omnis
1747 1335 1934 1389 mundi

347 1424 463 1478 Iuec
491 1425 660 1479 moles
679 1427 981 1495 composita
1006 1434 1085 1480 est
1108 1434 1161 1479 et
1181 1427 1582 1497 compaginata,
1604 1441 1830 1481 necesse
1851 1433 1935 1481 est

347 1518 705 1573 nihilominus
757 1518 983 1586 intelligi
1011 1517 1179 1573 fuisse
1201 1519 1436 1588 aliquem
1458 1518 1549 1588 qui
1578 1518 1630 1570 in
1659 1533 1825 1571 unum
1843 1516 1930 1571 di-

351 1626 573 1680 spersas
594 1610 874 1680 colligeret
911 1620 965 1665 et
982 1610 1229 1665 diversas
1251 1610 1413 1665 rebus
1432 1611 1643 1680 species
1659 1610 1927 1665 indueret.

417 1700 559 1755 XIV.
594 1700 658 1754 Et
684 1702 902 1771 quidem
931 1704 1115 1772 plures
1140 1703 1594 1773 philosophorum
1621 1702 1724 1756 hoc
1754 1702 1927 1771 magis

2041 874 2460 943 temperamenti
2486 874 2858 929 moderatione
2885 884 3121 939 servata,
3150 894 3213 932 ex
3239 876 3475 933 diversis
3497 892 3625 947 par-

2042 966 2186 1019 tibus
2209 964 2445 1019 solidum
2468 980 2671 1036 corpus
2692 966 2970 1021 effecerit?
2996 966 3151 1023 Hunc
3178 969 3343 1039 igitur
3373 985 3473 1025 nos
3496 985 3624 1024 con-

2038 1058 2271 1113 ditorem
2321 1058 2507 1112 mundi
2554 1058 2790 1112 dicimus
2845 1058 3038 1124 Deum,
3076 1059 3223 1114 hunc
3270 1062 3621 1132 agnoscimus

2039 1151 2415 1208 universitatis
2442 1162 2746 1207 auctorem.

2107 1241 2223 1297 XV.
2276 1240 2412 1295 Nam
2472 1240 2785 1295 Griecorum
2842 1239 3156 1311 pliilOSOphi
3214 1241 3281 1297 de
3332 1241 3621 1312 principiis

2034 1335 2226 1389 mundi
2257 1341 2591 1406 quaerentes,
2624 1334 2767 1387 alius
2792 1334 2897 1386 alia
2941 1333 3168 1388 incessit
3212 1333 3320 1388 via.
3376 1334 3621 1404 Denique

2034 1427 2372 1498 Pythagoras
2404 1427 2674 1481 elementa
2722 1424 3124 1496 principiorum
3182 1441 3444 1481 numeros
3497 1442 3621 1482 esse

2032 1521 2188 1585 dicit,
2213 1520 2567 1576 Callistratus
2597 1520 2893 1591 qualitates
2919 1518 3055 1590 (5'2),
3087 1516 3361 1573 Alcmreon
3398 1530 3619 1574 contra-

2031 1610 2254 1665 rietates
2284 1608 2420 1682 (55),
2448 1607 2895 1663 Anaximandrus
2931 1608 3377 1673 immensitatem,
3405 1608 3621 1663 Anaxa-

2032 1720 2191 1776 goras
2223 1704 2562 1775 aequalitates
2592 1703 2829 1773 partium
2866 1703 2978 1775 (54)
3002 1743 3016 1767 ,
3061 1702 3332 1772 Epicurus
3380 1709 3615 1766 atomos,

342 1794 583 1850 sensisse
612 1794 749 1854 scio.
780 1795 927 1865 quod
958 1812 1027 1850 ex
1060 1811 1169 1849 uno
1196 1810 1447 1866 corpore,
1484 1810 1645 1864 quam
1679 1794 1754 1847 illi
1801 1810 1920 1848 ma-
1958 1774 2001 1829 Β
2030 1774 2301 1855 Diodorus
2325 1811 2510 1851 amere
2530 1798 2665 1868 (55),
2695 1798 2800 1853 hoc
2817 1774 2901 1851 est
2926 1774 2990 1851 ex
3016 1796 3102 1851 his
3124 1797 3176 1849 in
3202 1794 3402 1865 quibus
3431 1804 3615 1864 partes

340 1888 535 1943 teriam
574 1894 791 1952 vocant,
827 1888 1129 1943 divisiones
1155 1902 1221 1941 ac
1265 1888 1628 1943 discretioncs
1664 1885 1923 1940 conditor

340 1976 533 2033 fecerit
562 1977 901 2049 Deus;quod
927 1986 1107 2034 tamen
1158 1995 1224 2033 ex
1274 1989 1515 2050 quatuor
1553 1979 1919 2048 simplicibus,

337 2071 477 2125 etin
506 2087 676 2125 unum
727 2079 1157 2142 temperamento
1203 2073 1439 2145 quodam
1493 2071 1691 2127 divina:
1737 2070 1922 2126 Provi-

336 2160 537 2215 dentia:
558 2160 816 2215 admistis
846 2168 1125 2216 constaret
1146 2162 1458 2217 elementis.
1494 2160 1629 2215 Nam
1667 2162 1798 2216 illud
1824 2178 1919 2216 su-

335 2249 544 2321 perfluo
594 2266 625 2305 a
668 2250 997 2321 quibusdam
1030 2252 1237 2306 dictum
1267 2261 1400 2322 puto
1432 2251 1567 2323 (5|),
1603 2251 1748 2321 quod
1780 2253 1916 2307 sim-

335 2343 458 2415 plex
485 2358 708 2413 corpus,
765 2343 819 2399 id
859 2352 943 2399 est
990 2344 1200 2414 absque
1250 2343 1360 2397 ulla
1410 2342 1798 2412 conjunctione
1848 2342 1917 2396 sit

334 2434 548 2498 umndi,
582 2451 709 2490 cum
757 2443 973 2491 constet
996 2452 1098 2491 nec
1149 2452 1351 2506 corpus
1381 2451 1544 2505 posse
1593 2450 1715 2490 esse
1768 2435 1913 2505 quod

331 2526 565 2597 simplex
603 2532 706 2590 est,
741 2542 919 2597 neque
950 2527 1168 2583 misceri
1202 2542 1364 2598 posse
1404 2535 1497 2580 aut
1518 2526 1807 2598 propagari
1829 2528 1914 2581 vel

332 2618 469 2673 solvi
494 2637 509 2686 ;
541 2635 663 2689 qua:
688 2620 873 2675 omnia
899 2621 1088 2692 utique
1111 2620 1297 2675 mundi
1321 2621 1649 2691 corporibus
1666 2621 1915 2677 videmus

330 2711 598 2766 accidere.
633 2710 754 2777 Quo
784 2712 948 2768 modo
978 2713 1125 2769 enim
1152 2715 1480 2778 solveretur,
1526 2712 1573 2766 si
1604 2718 1752 2767 esset
1782 2711 1918 2767 sim—

2024 1908 2134 1947 non
2161 1898 2312 1955 sunt,
2351 1889 2639 1960 Asclepias
2665 1889 2863 1958 ὅγκους
2892 1887 3024 1959 (56),
3057 1887 3202 1958 quod
3240 1902 3342 1941 nos
3370 1896 3615 1941 tumores

2024 1984 2110 2039 vel
2134 1983 2404 2038 elationes
2430 1998 2727 2052 possumus
2752 1982 2957 2044 dicere,
2982 1979 3285 2035 Geometras
3310 1980 3443 2034 lines
3475 1979 3611 2049 (57),

2024 2076 2372 2130 Democritus
2405 2073 2559 2128 ideas
2606 2072 2745 2145 (58),
2786 2073 2988 2128 Thales
3026 2087 3246 2142 aquam,
3300 2070 3612 2125 Heraclitus

2021 2167 2223 2238 ignem,
2243 2165 2515 2236 Diogenes
2528 2180 2710 2220 aerem
2729 2164 2863 2237 (59),
2879 2163 3450 2219 Parmenidesterram
3469 2162 3608 2232 (60),

2024 2257 2231 2320 Zenon,
2262 2255 2642 2325 Empedocles,
2667 2254 2825 2309 Plato
2866 2256 3069 2325 ignem,
3110 2270 3309 2324 aquam
3335 2296 3349 2319 ,
3404 2270 3608 2320 aerem,

2023 2355 2266 2413 terram;
2300 2346 2629 2401 Aristoteles
2678 2346 2841 2400 etiam
2875 2346 3132 2415 quintum
3168 2345 3466 2399 introducit
3494 2346 3610 2401 ele-

2021 2445 2289 2502 mentum,
2323 2438 2473 2508 quod
2505 2438 2947 2509 ἀκατονόμαστον
2968 2478 2983 2503 ,
3018 2437 3072 2491 id
3120 2446 3207 2493 est
3254 2438 3609 2509 ineompella-

2022 2527 2131 2583 bile
2160 2530 2466 2584 nominavit
2496 2528 2634 2601 (61),
2666 2528 2786 2584 sine
2804 2529 2973 2584 dubio
3015 2529 3169 2583 illum
3197 2528 3473 2592 indicans,
3513 2528 3605 2598 qui

2020 2619 2077 2673 in
2097 2634 2264 2673 unum
2297 2626 2534 2690 quatuor
2566 2620 2833 2674 elementa
2858 2620 3200 2691 conjungens
3228 2619 3492 2674 mundum
3522 2618 3605 2674 fe-

2024 2712 2182 2767 cerit.
2212 2710 2341 2766 Sive
2390 2711 2557 2783 igitur
2606 2710 2715 2766 duo
2761 2712 2879 2767 sive
2910 2712 3016 2766 tria
3061 2712 3177 2767 sive
3225 2722 3465 2782 quatuor
3512 2722 3606 2768 aut

1645 2908 2011 2965 COTELERII
2041 2908 2276 2966 NOTIE-

399 3089 861 3165 (5il)__Nam_illud
884 3092 1148 3165 super/luo
1178 3110 1213 3165 ιι
1240 3093 1555 3164 quibusdam
1583 3090 1783 3146 dictum
1810 3107 1910 3161 pu-
1938 3103 1983 3165 ο

328 3159 867 3231 ιοξΑΧριιοῃὶιίιηθ,
904 3159 1225 3218 Parmenide
1251 3159 1313 3217 ac
1346 3165 1583 3218 Melisso.

400 3233 513 3305 (52)
556 3231 901 3305 callistratus
960 3234 1266 3305 qualitates.
1323 3232 1382 3288 In
1444 3231 1909 3305 SextigEmprrici

330 3302 643 3376 Pyrrhoniis
675 3302 1126 3376 Hypotgposibus,
1159 3303 1252 3359 lib.
1272 3319 1491 3374 Iu,cap.
1514 3304 1549 3357 4
1570 3342 1585 3367 ,
1616 3303 1671 3357 id
1701 3302 1914 3359 Strato-

324 3374 393 3431 ni
418 3374 648 3445 physico
676 3374 961 3429 tribuitur.

398 3442 511 3516 (53)
553 3444 820 3516 Alcmaeon
842 3444 1261 3516 contrarietates.
1280 3442 1586 3516 Ἀλκμάξῳν
1607 3442 1789 3513 vulgo;
1803 3442 1909 3516 Aqui

323 3512 958 3585 ΤιιὲυᾱοτίιοῖΑλκμάν,
1011 3514 1199 3569 eodem
1251 3515 1332 3567 vel
1364 3512 1641 3585 simillimo
1667 3512 1905 3585 nemine.

324 3585 637 3653 Philosophi
669 3583 1237 3655 ὶιιιῙιιςένᾳντιότητας
1259 3585 1557 3653 explicatas
1572 3583 1751 3655 habes
1765 3584 1908 3655 apud

321 3652 695 3735 Aristotelem,
726 3656 817 3709 lib.
849 3652 864 3709 ι
893 3652 1535 3735 Metaplrgsicoruin,cap.
1563 3654 1617 3709 5.

396 3722 506 3791 (5i)
547 3723 896 3795 Anaxagoras
936 3721 1268 3795 inqualitates
1304 3723 1561 3792 partium.
1617 3723 1902 3795 Ὁμοιομέ-

324 3789 498 3863 ρειᾳν,
530 3790 623 3863 vel
639 3789 1034 3863 ὁμοιομερείας.

396 3862 507 3927 (55)
557 3859 824 3931 Diodorus
870 3859 1085 3915 ausas.
1138 3860 1298 3915 Forte
1345 3862 1639 3931 scripserat
1668 3861 1897 3918 Rufinus

322 3932 509 3985 Graece
538 3948 549 3983 :
575 3930 776 4002 ἀμερῆ.
807 3930 862 3985 In
891 3931 1101 4001 Eclogis
1134 3932 1363 4001 physicis
1392 3930 1611 3998 Stobai,
1642 3948 1758 4002 cap.
1791 3934 1894 3988 15:

319 4004 581 4079 Διόᾷῳρος
610 4005 835 4079 subd-qv
865 4008 1091 4079 Κρόνος,
1115 4009 1183 4063 τὰ
1204 4009 1383 4079 ἀμερῆ
1410 4005 1657 4077 σώματα,
1680 4008 1902 4079 ἄπειρα,

316 4077 387 4149 τὰ
420 4075 648 4149 δὲίαὺτᾲ
668 4075 1063 4149 λεγόμενάγκαὶ
1091 4075 1623 4149 nexis-maqu
1652 4079 1748 4149 μὲν
1782 4075 1903 4131 κάτ’

316 4147 570 4219 ἀριθμὸν,
600 4146 885 4229 ,ὡρισμένα
937 4148 994 4201 δὲ
1037 4146 1286 4232 nata-'1'?)
1332 4146 1576 4271 μέὖεθοέ.
1611 4146 1903 4220 Dionysius

316 4218 722 4271 Alexandrinus
750 4233 1064 4271 enlseonus.
1097 4236 1151 4271 in
1190 4234 1355 4271 onere
1443 4236 1470 4271 e
1493 4229 1687 4271 natura
1708 4260 1722 4271 .
1757 4219 1901 4271 anud

316 4218 722 4288 Alexandrinus
750 4220 1064 4288 episcopus,
1097 4222 1151 4273 in
1190 4218 1355 4288 opere
1393 4218 1470 4272 De
1493 4229 1687 4273 natura
1708 4260 1722 4279 .
1754 4218 1901 4288 apud

316 4286 614 4369 Eusebium
660 4286 960 4369 Prterierat.
1004 4286 1278 4369 Evangel},
1312 4290 1405 4343 lib.
1437 4304 1547 4369 xiv,
1581 4306 1641 4369 c_l
1664 4286 1901 4343 252Kal

314 4359 523 4432 τούτων
556 4358 689 4432 (paci.
718 4358 838 4432 τῶν
857 4358 1783 4432 ἀμερῶνῖρνοματοποιδνλΔιὸδωρον
1810 4377 1902 4428 γε-

316 4426 578 4506 χονέναιί
613 4426 1032 4506 Ιλεεθωδωὶιιιιη
1075 4426 1420 4506 Empiricum
1478 4426 1901 4506 Pgrrhoiriarum
1934 4452 1977 4506 ι)

320 4498 726 4570 Hypotyposeon
754 4499 849 4554 lib.
880 4517 960 4565 ιιι,
984 4516 1034 4556 c.
1060 4502 1127 4567 4;
1161 4498 1214 4554 in
1244 4498 1648 4556 Mathematicos
1679 4501 1899 4564 lib.vut,

316 4585 374 4641 p.
404 4572 537 4636 567;
571 4580 624 4624 et
652 4570 993 4627 Chaicidium
1029 4573 1084 4626 in
1120 4572 1379 4626 Timaeum
1402 4570 1665 4625 Platonis.

390 4642 504 4713 (56)
543 4640 876 4709 Asclepiades
906 4642 1121 4711 ὄγκους.
1149 4642 1330 4711 Pergit
1359 4642 1647 4765 Dionzsius
1676 4640 1905 4696 Alexan-

390 4712 531 4765 inus.
564 4720 685 4765 post
725 4713 887 4765 citata
913 4714 1098 4765 verba.
1126 4714 1233 4765 sic:
1262 4713 1430 4765 ὄνομα
1466 4711 1494 4764 δ
1530 4754 1544 4765 .
1574 4713 1735 4765 φασὶν
1758 4754 1772 4765 .
1804 4712 1902 4765 αὐ-

314 4711 531 4773 drinus,
564 4720 685 4781 post
725 4713 887 4767 citata
913 4714 1098 4778 verba,
1126 4714 1233 4768 sic:
1262 4713 1430 4781 ὄνομα
1466 4711 1544 4777 δὲ,
1574 4713 1735 4781 φασὶν
1758 4754 1772 4779 ,
1804 4712 1902 4765 αὐ-

315 4786 431 4855 τοῖς
462 4782 591 4855 ἄλλο
606 4782 961 4855 Ἡρακλεζδης
982 4783 1225 4855 θέμενος,
1250 4782 1507 4855 ἐκάλεσεν
1526 4782 1745 4855 ὄγκους,
1770 4784 1901 4853 παρ’

315 4847 379 4927 οξ)
412 4854 509 4906 καὶ
540 4847 980 4927 Ἀσιεληπινάδηξὸ
1003 4847 1331 4927 ἰάτρὸςίὲκλη
1341 4847 1602 4927 ρονόμησέ
1621 4853 1683 4927 το
1709 4847 1899 4927 ὄνομά.

320 4922 435 4977 lIoc
485 4931 570 4977 est
600 4941 615 4977 :
649 4921 875 4978 Nomine
894 4921 1105 4991 autem,
1136 4921 1476 4989 aiuntﬂzlio'
1498 4921 1606 4980 illis
1658 4921 1922 4993 imposito,

320 4993 632 5065 Heraclides
663 4997 861 5065 vocavit
881 4996 1097 5065 ὄγκους,
1123 4997 1218 5049 hoc
1248 5006 1324 5050 est
1356 4995 1516 5050 moles
1548 5012 1638 5049 seu
1662 5011 1899 5065 massas;

318 5083 351 5118 a
382 5082 483 5135 quo
514 5064 931 5135 “Asclepiades
954 5068 1186 5123 medicus
1217 5084 1401 5121 nomen
1426 5068 1559 5121 velut
1596 5064 1901 5119 hwreditate

318 5132 535 5203 accepit.
563 5132 769 5187 Caetera
800 5138 941 5205 apud
973 5139 1197 5194 SeXtum
1232 5138 1587 5207 Empiricum.

390 5207 505 5265 (57)
547 5202 833 5258 Geometrw
879 5210 1027 5265 ﬁnes.
1080 5212 1142 5265 Ol
1181 5210 1552 5265 μαθηματικοὶ
1583 5207 1652 5262 τά
1682 5207 1900 5265 πέρατα

390 5207 505 5277 (57)
547 5207 833 5258 Geometras
877 5210 1027 5276 ﬁnes.
1080 5212 1142 5265 Ol
1180 5210 1552 5282 μαθηματικοὶ
1583 5207 1652 5262 τά
1682 5207 1861 5279 πέρατ

315 5276 427 5330 τῶν
462 5275 749 5346 σωμάτων.
787 5274 1005 5335 Sextus.

392 5347 513 5418 (58),
549 5345 880 5418 Democritus
918 5349 1082 5406 ideas.
1108 5351 1325 5407 Primus
1358 5351 1501 5406 enim
1529 5349 1896 5412 Democritus,

319 5416 459 5491 teste
492 5416 549 5491 S.
583 5416 787 5491 Irenaeo
806 5418 914 5491 _lib.
942 5435 999 5483 ιι,
1028 5437 1150 5491 cap.
1185 5422 1273 5484 I9,
1318 5422 1475 5488 dixit,
1507 5422 1703 5475 multas
1733 5429 1781 5473 et
1808 5437 1901 5474 va-

317 5489 431 5561 rias
480 5488 544 5541 ab
589 5488 927 5561 universitate
954 5488 1152 5561 ﬁguras
1178 5509 1451 5561 expressas
1480 5492 1806 5548 descendisse
1846 5491 1901 5543 in

319 5508 431 5542 nas
480 5508 544 5541 av
589 5508 927 5541 universitate
954 5508 989 5558 [ι
1028 5508 1152 5547 uras
1178 5509 1451 5561 expressas
1480 5508 1806 5548 descendisse
1846 5508 1901 5543 in

319 5560 456 5633 {tunc
486 5558 758 5633 mundum.
779 5557 836 5612 ὐ
852 5559 924 5633 -δὲ
952 5508 1213 5633 Νᾶλήσιος
1233 5563 1548 5626 Λεύκιππος
1566 5607 1580 5631 ,
1602 5565 1695 5619 κα).
1722 5564 1750 5615 ὁ
1772 5563 1901 5623 Χῖος

320 5628 702 5706 Μητρόδωρος,
722 5629 925 5706 stega“,
945 5632 1020 5695 ὡς
1035 5628 1246 5706 eam,
1268 5636 1360 5687 καὶ
1392 5635 1542 5687 αὐτοὶ
1568 5628 1750 5706 ’ἀρχὰς
1763 5633 1900 5706 ἀπε-

320 5700 597 5790 ὲξιίπέτηον,
632 5700 692 5751 τὸ
727 5700 1069 5790 πῇἧρεςυκαὶ.
1089 5702 1354 5790 τὸηκενόν.
1378 5700 1701 5790 ’Προξέθὴξξε
1730 5703 1785 5756 δὲ
1807 5703 1900 5790 ᾖα-

321 5770 432 5826 6ὼν
465 5770 673 5825 τούτοιν
704 5774 815 5826 τοῖν
844 5770 984 5827 δυεῖν
1014 5772 1081 5827 τὰ
1121 5774 1311 5828 εἴδωλα
1369 5778 1395 5829 ὁ
1442 5770 1761 5847 Ἃϐδηρίτης
1798 5776 1899 5845 Δη-

2019 3088 2294 3211 μόκριτος.
2318 3089 2590 3172 Ὀῐθῐηθῐιε
2620 3089 3021 3173 Alexandrinus
3063 3090 3382 3175 Protreptici
3421 3110 3471 3164 p.
3508 3097 3597 3153 45.

2041 3160 2072 3211 d
2105 3167 2209 3211 est.
2243 3175 2436 3211 omnor
2467 3182 2479 3211 :
2514 3162 2805 3211 Leucmnus
2856 3177 3029 3211 autem
3064 3161 3326 3211 Milesius-
3354 3175 3402 3211 et
3434 3165 3597 3211 Chius

2041 3160 2075 3231 tl
2105 3160 2436 3231 est,opinor
2467 3182 2479 3216 :
2514 3162 2805 3231 Leucippus
2856 3177 3029 3216 autem
3063 3161 3326 3225 Milesius,
3354 3175 3402 3218 et
3422 3160 3598 3222 'Cltius

2015 3228 2377 3291 Metrodorus,
2406 3228 2760 3301 duplicia,'ut
2807 3233 3029 3297 videtur,
3064 3234 3164 3301 ipsi
3214 3251 3414 3304 quoque
3470 3239 3597 3291 reli-

2013 3318 2169 3371 quere
2198 3304 2481 3373 principia,
2507 3304 2718 3371 plenum
2746 3314 2795 3357 et
2822 3305 2997 3358 inane.
3028 3304 3235 3373 Adjecit
3260 3315 3456 3365 autem,
3481 3326 3600 3362 mu-

2015 3380 2217 3443 tuatus,
2254 3372 2457 3427 duobus
2504 3374 2611 3427 illis
2660 3375 2914 3443 imagines
2954 3372 3285 3428 Democritus
3318 3377 3596 3436 Abderita.

2014 3440 2167 3495 Mitto
2198 3443 2539 3507 Ciceronem,
2576 3452 2629 3498 et
2661 3440 2945 3498 Minutium
2973 3443 3231 3506 Felicem,
3261 3460 3385 3499 cum
3416 3448 3558 3505 aliis.

2088 3512 2202 3582 (59)
2243 3512 2548 3567 Heraclitus
2571 3516 2764 3585 ignem,
2792 3515 3049 3585 Diogenes
3080 3532 3274 3570 aerem.
3292 3514 3366 3571 Ita
3391 3532 3485 3571 sex
3510 3535 3600 3575 co-

2009 3580 2162 3637 dices
2177 3580 2327 3661 _‘ms._s_.
2357 3584 2557 3661 quibus
2593 3580 2685 3640 usi
2726 3580 2937 3642 sumus.
2969 3589 3213 3657 lntellige
3242 3603 3369 3642 vero
3402 3588 3598 3661 Dioge-

2011 3668 2135 3722 nem
2161 3652 2579 3722 Apolloniatem.

2084 3721 2581 3798 (60)’P_armcni_des
2616 3736 2828 3781 terram.
2857 3726 2990 3782 Cum
3020 3728 3141 3798 igne
3177 3749 3189 3784 :
3223 3737 3281 3783 ut
3312 3731 3595 3787 materiam

2008 3805 2134 3867 cum
2172 3794 2387 3867 Opiﬁce.
2433 3794 2703 3867 Diogenes
2752 3794 3322 3865 Laertius—Clemens
3358 3801 3597 3857 Alexan-

2007 3864 2223 3930 drinus,
2262 3864 2646 3928 Theodorilus.
2676 3867 2890 3922 Cicero.

2079 3935 2193 4007 (61)
2231 3936 2540 3991 Aristoteles
2570 3939 2729 3991 etiam
2770 3940 3009 4007 quintum
3042 3941 3329 3996 introducit
3366 3943 3593 3998 elemen-

2008 4014 2139 4069 tum,
2168 4007 2769 4080 quodacatouomaston
2799 4008 3303 4080 (dnavovépga'rovl,
3333 4013 3387 4064 id
3409 4026 3487 4067 est
3516 4016 3594 4067 in-

2005 4076 2371 4151 compellabile
2397 4078 2704 4151 nominauit,
2741 4076 3376 4151 etc.Cicero'_Tusculan.
3403 4091 3592 4151 quwst.

2006 4148 2101 4203 lib.
2136 4164 2184 4201 ιε
2216 4148 2525 4201 Aristoteles
2549 4150 2789 4217 quintum
2808 4164 2977 4217 (genus
3019 4148 3250 4212 adhibet,
3276 4148 3466 4203 vacans
3493 4168 3589 4206 uo-

2005 4218 2161 4288 mjne.
2189 4218 2346 4288 Apud
2378 4216 2655 4288 Laertiqu
2703 4227 2756 4272 et
2803 4216 3123 4280 I’llustrium,
3160 4219 3213 4272 in
3246 4219 3538 4275 Aristotele
3569 4236 3584 4277 :

2003 4283 2155 4372 βξνεξι
2278 4287 2429 4372 οἰοιρά
2456 4287 2522 4341 τὰ
2543 4287 2781 4372 τέσσαρα
2804 4292 3040 4372 στοιχξῖα
3060 4291 3151 4370 κα)
3171 4289 3296 4372 ἄλλο
3316 4290 3587 4372 πέμπτον,

2002 4356 2062 4430 ἐξ
2083 4351 2145 4430 οὗ
2166 4357 2235 4411 τὰ
2257 4351 2471 4430 αἰθέρια
2489 4351 2846 4430 ρυνεστᾶναι.
2866 4351 3076 4423 Quibus
3106 4360 3303 4413 similia
3331 4351 3590 4415 in'Theo;

2005 4428 2168 4483 doriti
2199 4427 2452 4483 sermone
2474 4427 2551 4482 De
2580 4430 2804 4482 materia
2825 4440 2873 4481 et
2895 4430 3111 4487 mundo,
3134 4431 3185 4484 in
3208 4430 3425 4485 Justino
3443 4431 3587 4485 Mar-

2006 4500 2112 4571 ljl‘i
2141 4500 2565 4571 attributispag.
2589 4499 2705 4571 145
2738 4508 2792 4571 et
2825 4500 2961 4571 £97;
2995 4516 3058 4554 ex
3084 4498 3413 4571 Philosopho
3445 4502 3538 4556 lib.
3569 4518 3583 4556 ι

2058 4570 2388 4642 e_cwlo,cap.
2420 4569 2483 4642 2,
2508 4568 2561 4635 ὅ,
2588 4569 2641 4623 in
2676 4568 2871 4623 Stobaei
2906 4570 3111 4640 h‘clogis
3142 4568 3444 4642 physicis,c.
3478 4573 3582 4637 15;

2006 4640 2060 4713 i_n
2083 4639 2245 4713 Attici
2277 4638 2542 4713 Platonici
2575 4656 2739 4709 opere
2776 4638 3397 4713 adversus—Aristbtelem
3442 4646 3581 4713 apud

2005 4709 2301 4783 Eusebium
2322 4710 2515 4783 (Prwp.
2543 4727 2725 4780 evang.
2760 4728 2850 4777 xv,
2877 4712 2927 4775 7,
2958 4713 3023 4783 787;
3057 4713 3111 4765 in
3146 4711 3295 4767 Sexti
3343 4709 3583 4783 Hypoty-

2002 4782 2215 4849 posibus
2240 4782 2555 4852 ubigsupra,
2594 4792 2645 4836 et
2675 4797 2838 4852 opere
2866 4784 2919 4836 in
2948 4782 3350 4837 Mat/tematicos
3382 4782 3434 4852 p.
3453 4785 3579 4845 435,

2002 4867 2219 4906 necnon
2246 4853 2301 4923 in
2331 4851 2624 4907 Plutarcho
2648 4852 2742 4905 lib.
2776 4870 2791 4906 ι
2820 4852 2893 4907 De
2913 4854 3125 4923 placitis
3157 4851 3605 4923 philosophorum,

2002 4936 2123 4991 cap.
2155 4923 2210 4978 5.
2240 4922 2415 4993 Atque
2448 4924 2560 4977 haec
2593 4923 2767 4992 posui,
2794 4922 2919 4976 cum
2952 4933 3012 4977 ut
3043 4922 3367 4979 illustrareni
3402 4925 3578 4979 locum

2004 5001 2358 5061 praesentem,
2397 5008 2461 5046 ac
2506 5009 2830 5062 exponerem
2889 4997 3215 5050 sententiam
3268 4996 3580 5052 Aristotelis

2002 5064 2110 5117 alio
2138 5080 2234 5134 per
2263 5073 2510 5121 nostrum
2542 5064 2869 5134 traductam,
2903 5075 3015 5119 tum
3049 5074 3106 5118 ut
3131 5066 3199 5119 ab
3230 5066 3580 5121 accusatione

2002 5133 2149 5189 docti
2182 5134 2645 5190 animadversoris
2686 5133 2951 5189 Desiderii
2982 5135 3201 5189 lIeraldi
3233 5135 3576 5191 defenderem

2003 5206 2169 5260 verba
2204 5206 2429 5259 Arnobii
2455 5206 2546 5260 lib.
2578 5221 2614 5258 ιι
2648 5222 2663 5260 :
2697 5204 2801 5271 Qui
2821 5207 3063 5274 quintum
3097 5207 3405 5259 elementum
3430 5206 3579 5273 prin-

2004 5275 2265 5344 cipalibus
2294 5277 2523 5346 applicat
2545 5276 2742 5346 causis.
2782 5292 2883 5328 non
2915 5277 3189 5331 Aristoteli
3219 5278 3579 5345 peripatetica-

2004 5362 2120 5399 rum
2153 5349 2305 5417 patri
2320 5345 2506 5401 credit.
2558 5351 2695 5415 Lege
2713 5345 3178 5408 Philostratumun
3196 5347 3271 5401 De
3296 5348 3398 5401 vita
3422 5347 3580 5415 Apol-

2006 5416 2254 5481 Ionii“,
2288 5416 2614 5472 Strabonem
2668 5417 2761 5488 lib.
2789 5432 2878 5480 xv,
2931 5418 3093 5488 paulo
3139 5426 3263 5487 post
3312 5417 3574 5480 medium,

2002 5488 2081 5542 De
2111 5488 2554 5553 Bracltmanibus,
2604 5493 2659 5541 et
2702 5484 2975 5550 Julianufn
3019 5484 3298 5557 imperat.,
3346 5496 3485 5542 orat.
3519 5488 3571 5548 5,

2000 5574 2122 5630 pag.
2168 5561 2308 5627 505;
2357 5560 2486 5630 item
2518 5557 2886 5630 clarissimum
2918 5557 3190 5630 Huetiumr
3222 5559 3277 5611 in
3324 5560 3462 5612 notis
3506 5558 3576 5611 ad

2004 5626 2440 5702 Qrigenemrpag.’
2467 5629 2589 5683 Hi.
2639 5626 2872 5702 Rufinus
2911 5628 3520 5702 contragllieronymum
3558 5648 3571 5682 :

2004 5698 2327 5756 Nesciebam—
2353 5698 2401 5757 te
2422 5698 2857 5770 ἀκατονόμαστον
2885 5699 2989 5756 dici
3022 5709 3073 5756 et
3105 5698 3575 5771 incompellabilem

2000 5774 2283 5830 nominari.
