4022 6274
560 290 701 373 isvs

1433 284 1490 341 s.
1530 284 1921 342 CLEMENTIS
1955 285 1974 338 l
2013 282 2178 341 nou.
2221 282 2419 339 rom.
2460 265 2687 340 orsus
2726 282 2931 339 ousm

3642 289 3752 344 I380

556 406 722 463 etiam
752 406 908 478 plura
926 405 1060 468 sint,
1086 403 1174 461 vel
1216 403 1507 459 innumera
1542 416 1611 459 ex
1642 401 1846 472 quibus
1895 401 2135 457 mundus
2163 412 2211 469 Α
2239 416 2453 470 semper
2476 400 2720 462 veniunt,
2755 409 2809 456 et
2833 400 2997 455 rebus
3027 413 3257 469 quarum
3284 398 3396 468 jam
3423 414 3659 454 mensura
3687 402 3751 454 in-

556 506 797 561 constat,
828 496 977 552 omni
1010 511 1073 551 ex
1108 504 1285 565 parte,
1316 493 1412 565 qui
1444 496 1601 565 plura
1634 494 1689 548 in
1713 509 1881 548 unum
1905 494 2139 564 college-

556 596 634 646 rit
661 598 716 645 et
748 604 942 644 rursus
984 588 1214 643 collecta
1240 586 1294 643 in
1329 586 1579 643 diversas
1624 588 1837 657 species
1893 588 2132 652 duxerit,

557 681 872 737 ostenditur
894 680 1059 742 Deus,
1085 687 1139 735 et
1170 680 1434 750 probatur
1462 694 1558 749 per
1584 679 1699 733 haec
1726 696 1836 735 non
1884 683 2136 752 potuisse

555 771 870 827 machinam
896 770 1083 825 mundi
1100 771 1220 826 sine
1248 768 1441 840 opiﬁce
1468 777 1521 825 et
1546 770 1829 839 provisore
1852 779 2131 828 constare.

629 860 772 918 XVI.
807 861 912 916 Sed
952 869 1007 917 et
1034 862 1137 916 hoc
1164 862 1283 934 ipso
1324 861 1470 931 quod
1500 861 1557 915 in
1589 861 1978 932 conjunctione
2018 864 2131 918 ele-

556 960 889 1015 mentorum,
916 951 1201 1005 deficiente
1225 951 1394 1005 altero
1414 960 1510 1004 aut
1561 951 1896 1016 abundante,
1934 961 2130 1007 czetera

555 1043 912 1098 resolvuntur
954 1049 1009 1096 et
1041 1040 1364 1104 concidunt,
1394 1041 1705 1096 ostenditur
1736 1057 1802 1096 ex
1849 1042 2022 1096 nihilo
2068 1058 2131 1096 ea

556 1132 839 1201 accepisse
866 1131 1219 1202 principium.
1257 1128 1393 1183 Nam
1420 1129 1571 1184 verbi
1599 1130 1775 1200 gratia
1821 1131 1869 1187 si
1913 1130 2130 1186 deﬁciat

556 1224 613 1276 in
637 1223 822 1293 aliquo
844 1222 1062 1285 humor,
1095 1235 1198 1276 nec
1228 1219 1444 1275 aridum
1484 1222 1685 1287 stabit;
1720 1222 1949 1279 humore
1981 1223 2128 1278 enim

554 1315 804 1383 pascitur
832 1313 1043 1367 aridum
1075 1312 1218 1368 sicut
1270 1321 1326 1368 et
1361 1312 1536 1383 frigus
1569 1313 1768 1379 calido,
1796 1314 1851 1368 in
1901 1314 2123 1385 quibus,

546 1413 617 1460 ut
647 1404 908 1467 diximus,
941 1404 987 1459 si
1019 1404 1250 1458 alterum
1272 1403 1512 1468 deﬁciat,
1546 1406 1763 1475 penitus
1784 1414 1980 1460 cuncta
2014 1407 2125 1462 sol-

553 1504 778 1559 vuntur,
802 1504 858 1552 et
888 1496 941 1550 in
975 1494 1079 1549 hoc
1110 1495 1341 1566 originis
1365 1512 1479 1552 suae
1507 1512 1614 1566 qua
1649 1513 1714 1552 ex
1748 1498 1922 1552 nihilo
1980 1497 2123 1553 facta

551 1596 702 1653 sunt,
733 1588 1042 1659 produntur
1068 1588 1290 1643 indicia.
1315 1588 1471 1654 Quod
1512 1588 1558 1643 si
1584 1590 1810 1643 materia
1839 1590 1953 1659 ipsa
1996 1607 2122 1661 pro-

551 1680 713 1735 batur
737 1696 861 1736 esse
893 1680 1056 1744 facta,
1079 1679 1353 1751 quomodo
1382 1688 1563 1750 partes
1584 1680 1705 1748 ejus
1737 1688 1791 1735 et
1821 1681 2031 1751 species
2054 1697 2119 1736 ex

2238 499 2389 562 tegra
2414 500 2651 556 constat,
2678 492 2973 555 adduntur,
3006 489 3273 561 quomodo
3304 500 3445 545 stare
3471 490 3751 547 universitas

2238 592 2438 655 potest,
2464 599 2586 638 cum
2612 591 2720 637 tam
2749 583 3027 639 immensis
3059 582 3389 654 ponderibus
3417 598 3546 638 nova
3578 601 3751 655 semper

2239 677 2476 746 pondera
2500 675 2884 730 cumulentur?
2911 674 3013 730 Sed
3047 684 3101 729 et
3133 673 3264 729 illud
3312 674 3546 743 requiro,
3579 675 3619 729 si
3648 692 3752 745 pau-

2237 767 2384 820 latim
2405 766 2730 820 coeuntibus
2752 764 3091 835 corpusculis
3113 766 3491 819 exstruebatur
3514 763 3592 818 hic
3625 781 3751 834 quem

2237 856 2484 912 videmus
2508 856 2745 911 ambitus
2792 856 2943 920 cadi,
2970 856 3243 926 quomodo
3284 872 3393 910 non
3440 855 3491 909 in
3538 871 3597 909 eo
3638 855 3752 908 illico

2232 966 2356 1005 cum
2389 959 2745 1021 consurgeret
2773 949 3079 1005 corruit?si
3106 949 3323 1019 quidem
3354 948 3510 1002 hians
3532 948 3752 1002 machinae

2232 1039 2407 1110 ipsius
2441 1041 2749 1104 summitas,
2788 1041 2955 1096 nullis
3009 1040 3230 1096 suﬁ‘ulta
3260 1040 3528 1111 repagulis
3556 1041 3749 1109 stringe-

2230 1137 2403 1185 retur.
2432 1126 2586 1184 Sicut
2614 1130 2759 1185 enim
2790 1130 2883 1199 qui
2912 1130 3264 1185 zediﬁeiorum
3308 1130 3483 1185 tholos
3534 1129 3581 1183 in
3608 1130 3750 1184 circu-

2231 1218 2341 1273 lum
2389 1219 2701 1287 instruunt,
2749 1220 2855 1275 nisi
2892 1219 3305 1275 conclusionem
3354 1218 3513 1273 medii
3567 1219 3749 1274 verticis

2231 1312 2558 1367 strinxerint
2590 1353 2604 1375 ,
2654 1313 2975 1367 universum
3027 1312 3232 1382 pariter
3285 1311 3546 1379 solvitur;
3607 1310 3667 1363 ita
3708 1319 3749 1364 et

2228 1402 2416 1457 mundi
2446 1403 2707 1467 circulus,
2743 1419 2905 1474 quem
2938 1412 3045 1457 tam
3073 1402 3269 1457 decora
3301 1401 3479 1472 specie
3508 1402 3745 1455 collectum

2229 1494 2496 1561 videmus,
2523 1495 2566 1549 si
2601 1510 2708 1549 non
2741 1494 2924 1550 subito
2957 1501 3011 1549 et
3041 1494 3144 1550 sub
3195 1509 3305 1549 uno
3339 1493 3530 1548 divinae
3571 1493 3746 1547 virtutis

2227 1591 2409 1636 rotatu
2436 1585 2677 1653 potentia
2706 1585 3009 1641 conditoris
3037 1584 3263 1640 effectus
3291 1592 3396 1648 est,
3423 1586 3513 1641 sed
3534 1585 3745 1654 paulatim

2227 1676 2685 1730 concurrentibus
2710 1677 2908 1732 atomis
2931 1686 2984 1733 et
3002 1678 3424 1739 instruentibus,
3452 1694 3551 1731 non
3576 1683 3625 1729 ut
3641 1675 3746 1727 ratio

545 1771 750 1842 quibus
777 1772 1014 1827 mundus
1044 1780 1300 1837 constat,
1352 1771 1681 1827 videbuntur
1734 1772 1984 1829 infecta}?
2016 1772 2120 1828 Sed
2153 1756 2198 1815 Β
2227 1767 2464 1835 petebat,
2496 1767 2591 1822 sed
2626 1777 2683 1823 ut
2720 1768 2983 1825 fortuitus
3026 1770 3311 1825 incidisset
3358 1777 3594 1826 eventus.
3641 1782 3745 1835 quo-

546 1863 617 1918 de
638 1863 863 1919 materia
875 1864 1296 1934 etqualitatibus
1318 1879 1426 1920 non
1448 1874 1531 1921 est
1554 1880 1698 1920 nunc
1719 1863 1933 1919 dicendi
1952 1864 2124 1932 locus;

547 1953 653 2008 hoc
677 1954 854 2009 solum
884 1954 1145 2010 docuisse
1173 1954 1426 2021 sufﬁciat,
1484 1956 1651 2011 Deum
1703 1971 1825 2011 esse
1881 1956 2123 2010 omnium

544 2046 913 2110 conditorem,
939 2047 1069 2115 quia
1098 2061 1274 2116 neque
1325 2047 1372 2102 si
1426 2048 1660 2101 solidum
1716 2057 1770 2102 et
1818 2062 2125 2101 connexum

547 2138 651 2193 fuit
671 2152 871 2209 corpus
884 2154 949 2193 ex
974 2154 1084 2208 quo
1099 2138 1335 2194 mundus
1358 2139 1790 2205 constat,dirimi
1812 2147 1866 2192 et
1885 2139 2125 2194 discerni

546 2232 667 2286 sine
693 2230 999 2295 conditore,
1014 2247 1191 2303 neque
1205 2231 1250 2287 si
1267 2248 1334 2287 ex
1358 2232 1591 2289 diversis
1613 2231 1933 2289 etdiscretis
1955 2234 2123 2303 parti-

548 2323 652 2378 bus
674 2324 733 2377 in
766 2340 934 2378 unum
948 2324 1235 2379 collectum
1249 2331 1355 2389 est,
1371 2325 1688 2396 congregari
1710 2335 1762 2380 et
1776 2327 1989 2381 misceri
2006 2326 2124 2380 sine

545 2416 757 2470 artifice
798 2417 993 2485 potuit.
1026 2416 1197 2487 Igitur
1225 2416 1273 2471 si
1322 2416 1509 2471 mundi
1540 2418 1794 2472 conditor
1825 2416 1968 2473 Deus
2000 2432 2122 2472 esse

545 2511 659 2561 tam
690 2507 969 2563 evidenter
998 2507 1327 2572 ostenditur,
1376 2508 1468 2577 qui
1518 2509 1624 2563 erit
1678 2508 1915 2579 Epicuro
1966 2508 2120 2565 locus

548 2596 926 2653 introducendi
962 2608 1196 2663 atomos,
1225 2607 1280 2655 et
1302 2600 1583 2655 asserendi
1609 2599 1755 2669 quod
1803 2616 1867 2655 ex
1921 2615 2121 2670 corpu-

546 2689 716 2745 scnlis
746 2689 1163 2745 insensibilibus
1193 2706 1303 2745 non
1328 2691 1504 2746 solum
1531 2691 1813 2746 seusibilia
1862 2705 2116 2762 corpora,

546 2777 642 2834 sed
672 2786 724 2831 et
747 2787 954 2835 mentes
985 2780 1381 2836 intellectuales
1406 2796 1470 2834 ac
1504 2781 1800 2836 rationales
1833 2780 1999 2836 ﬁant?

614 2867 776 2924 XVII.
820 2869 923 2925 Sed
953 2870 1200 2935 dices,ut
1230 2871 1463 2942 Epicuro
1481 2874 1655 2928 visum
1680 2881 1792 2928 est:
1817 2872 2119 2927 Continua-

543 2960 724 3016 tiones
752 2948 1057 3017 atomorum
1082 2964 1408 3019 indesinenti
1442 2980 1607 3021 cursu
1629 2966 1986 3028 venientium,
2019 2980 2117 3034 per

2228 1858 2389 1912 modo
2431 1875 2538 1913 non
2583 1862 2736 1930 prius
2775 1878 2937 1932 quam
2969 1860 3149 1933 colligi
3182 1871 3370 1931 posset
3422 1868 3473 1917 et
3512 1858 3741 1918 concludi,

2227 1951 2469 2023 dilapsus
2499 1961 2584 2009 est
2614 1963 2668 2009 et
2693 1955 3030 2011 dissolutus?
3058 1954 3135 2009 Ad
3173 1956 3289 2011 haec
3338 1957 3496 2011 etiam
3535 1953 3649 2009 illud
3682 1969 3746 2005 rc-

2225 2044 2407 2113 quiro,
2440 2046 2582 2114 quod
2608 2045 2678 2099 sit
2707 2047 3014 2107 munimen,
3042 2061 3206 2117 super
3224 2048 3371 2116 quod
3395 2056 3498 2099 tam
3520 2048 3746 2099 immensa:

2226 2136 2384 2192 molis
2409 2136 2556 2206 jacta
2594 2138 2703 2192 sint
2728 2138 3117 2193 fundamenta?
3142 2138 3207 2192 Et
3229 2155 3425 2193 rursus
3456 2138 3575 2191 illud
3605 2137 3742 2205 ipsum

2224 2228 2370 2297 quod
2402 2228 2609 2285 dixeris
2639 2233 2936 2295 munimen,
2970 2246 3138 2303 super
3165 2232 3298 2302 quid
3327 2229 3536 2300 jaceat?
3560 2228 3617 2283 Et
3644 2228 3743 2281 item

2225 2322 2355 2377 illud
2385 2322 2551 2386 aliud,
2568 2338 2734 2394 super
2751 2324 2918 2393 quid?
2938 2332 2990 2379 et
3013 2340 3256 2395 eousque
3272 2322 3632 2393 interrogando
3645 2335 3744 2389 pro-

2222 2412 2456 2482 grediar.
2481 2415 2653 2468 donec
2675 2416 2956 2483 responsio
2974 2413 3040 2469 ad
3068 2416 3199 2469 mhil
3219 2424 3276 2470 et
3301 2417 3458 2469 inane
3490 2410 3739 2484 perveniat.

2297 2503 2439 2558 XIX.
2482 2505 2636 2571 Quod
2667 2506 2713 2561 si
2767 2506 2915 2560 dicat
2973 2506 3172 2575 aliquis
3197 2545 3212 2569 ,
3245 2507 3375 2576 quia
3405 2504 3558 2559 atomi
3603 2504 3739 2571 ignea:

2222 2597 2503 2668 qualitatis
2533 2599 2842 2667 conjunctae
2864 2598 2966 2653 sibi
2998 2614 3199 2667 corpus
3226 2614 3396 2652 unmn
3441 2597 3675 2655 fecerunt,
3700 2599 3741 2643 ct

2219 2686 2346 2756 quia
2378 2688 2516 2758 ignis
2539 2689 2776 2759 qualitas
2798 2704 2905 2743 non
2938 2687 3193 2743 deorsum
3224 2688 3321 2743 sed
3346 2703 3554 2742 sursum
3583 2681 3735 2742 tendit.

2220 2778 2528 2847 impositam
2549 2780 2736 2835 mundi
2762 2781 2957 2835 molem
2976 2780 3043 2835 ad
3065 2781 3351 2851 superiora
3375 2793 3577 2851 semper
3595 2775 3737 2829 nitens

2218 2870 2357 2943 ignis
2369 2880 2559 2926 natura
2579 2874 2890 2941 subvectat;
2916 2875 2981 2929 ad
3000 2875 3114 2929 haec
3130 2874 3599 2943 respondebimus:
3623 2869 3736 2933 Quo-

2216 2964 2378 3019 modo
2400 2972 2694 3033 potuerunt
2712 2966 2876 3020 atomi
2904 2966 3078 3037 ignea:
3100 2966 3406 3037 qualitatis,
3431 2980 3545 3034 quae
3566 2972 3735 3028 semper

546 3050 811 3108 immensa
840 3062 894 3108 et
924 3054 1043 3109 sine
1067 3056 1171 3110 ﬁne
1203 3065 1446 3127 tempora
1478 3056 1824 3111 miscentium
1858 3071 1916 3111 se
1954 3063 2116 3126 atque
2143 3097 2185 3154 Ο
2219 3054 2285 3108 ad
2305 3055 2587 3124 superiora
2627 3056 3000 3121 contendunt,
3037 3057 3094 3110 in
3136 3055 3398 3111 inferiora
3436 3049 3735 3109 descendere,

545 3142 600 3196 in
625 3159 793 3197 unum
826 3146 1289 3215 conglobantium,
1320 3161 1553 3218 corpora
1582 3148 1755 3204 solida
1784 3147 2111 3202 eiﬁciuntur.

544 3231 664 3288 Non
684 3235 845 3290 venio
866 3238 931 3291 ad
957 3238 1092 3301 hac,
1122 3246 1182 3292 ut
1205 3255 1317 3294 rem
1342 3239 1643 3294 fabulosam
1667 3247 1722 3294 et
1755 3240 1936 3309 inepte
1964 3253 2119 3293 com-

544 3329 776 3396 positam
810 3330 1021 3396 dicam;
1074 3331 1356 3385 videamus
1404 3331 1577 3402 magis
1631 3332 1677 3386 si
1734 3331 2116 3401 qualecunque

546 3415 691 3471 istud
728 3426 841 3481 est,
875 3426 1054 3488 potest
1076 3428 1223 3475 stare
1260 3419 1407 3491 quod
1468 3421 1687 3477 dicitur.
1750 3422 1917 3476 Aiunt
1967 3421 2112 3476 enim

544 3509 870 3576 corpuscula
898 3512 1012 3579 ipsa
1044 3528 1163 3581 qua:
1187 3520 1398 3569 atomos
1423 3516 1695 3584 appellant
1718 3515 1854 3587 (62),
1880 3514 2113 3572 diversis

542 3613 667 3652 esse
694 3600 1073 3667 qualitatibus,
1105 3614 1161 3659 et
1188 3606 1292 3659 alia
1326 3606 1545 3676 quidem
1578 3606 1800 3661 humida
1830 3614 1883 3661 et
1912 3606 1983 3663 ob
2009 3607 2113 3661 hoc

544 3690 730 3757 gravia
753 3707 817 3746 ac
844 3692 1099 3749 deorsum
1128 3698 1425 3763 tendentia,
1448 3698 1555 3752 alia
1580 3709 1708 3753 vero
1734 3698 1885 3755 arida
1915 3708 1970 3754 et
1999 3707 2114 3754 ter-

545 3797 676 3836 rena
703 3792 866 3854 atque
893 3786 963 3840 ob
986 3787 1090 3843 hoc
1114 3790 1468 3846 nihilominus
1511 3792 1696 3862 gravia
1720 3833 1735 3856 ,
1789 3792 1896 3846 alia
1929 3799 2110 3848 autem

545 3874 703 3943 ignea
734 3885 788 3931 et
818 3878 890 3931 ob
920 3878 1022 3932 hoc
1047 3896 1265 3937 sursum
1295 3898 1510 3953 semper
1534 3883 1784 3945 nitentia,
1820 3885 1923 3938 alia
1980 3901 2110 3940 vero

543 3962 741 4045 frigida
772 3976 825 4021 et
854 3969 925 4023 ob
951 3969 1052 4025 hoc
1078 3972 1228 4042 pigra
1260 3982 1314 4029 et
1345 3991 1557 4045 semper
1582 3976 1780 4030 media.
1825 3974 2109 4042 Quomodo

540 4071 672 4126 ergo
702 4073 825 4112 cum
850 4061 955 4114 alia
987 4077 1201 4132 semper
1222 4080 1439 4120 sursum
1466 4068 1689 4121 tendant
1716 4077 1902 4137 utpote
1928 4069 2105 4139 ignea,

539 4157 595 4203 et
620 4150 723 4203 alia
756 4167 971 4221 semper
1026 4153 1284 4210 deorsum
1341 4166 1524 4227 utpote
1555 4158 1777 4212 humida
1828 4170 1883 4215 et
1933 4162 2106 4228 arida,

541 4239 647 4294 alia
672 4257 799 4297 vero
832 4243 1009 4298 media
1039 4251 1092 4299 et
1126 4261 1232 4299 non
1263 4247 1455 4316 aequali
1477 4262 1642 4302 cursu
1666 4247 1938 4313 incedant,
1960 4250 2108 4305 coire

540 4330 704 4384 simul
734 4340 1030 4401 potuerunt
1047 4343 1103 4390 et
1132 4353 1297 4390 unum
1333 4352 1532 4407 corpus
1568 4336 1817 4394 efﬁcere?
1874 4337 1931 4393 Si
1983 4339 2106 4409 quis

2218 3154 2272 3203 et
2295 3148 2349 3202 in
2381 3148 2652 3219 profundo
2676 3164 2740 3204 ac
2774 3150 2878 3205 sub
2907 3151 3089 3204 omnia
3111 3149 3364 3205 demerso
3387 3148 3599 3204 inveniri
3623 3143 3736 3199 loco?

2217 3236 2354 3293 Cum
2384 3238 2573 3308 utique
2614 3239 2895 3310 graviores
2936 3256 3163 3309 quaeque
3186 3280 3201 3304 ,
3248 3242 3300 3294 id
3329 3248 3411 3295 est
3450 3248 3653 3293 terrenae
3673 3233 3735 3283 vel

2218 3329 2452 3385 humidae
2480 3331 2774 3401 qualitates
2796 3333 3147 3401 praeveniant,
3168 3339 3227 3385 nt
3250 3332 3507 3394 diximus,
3529 3328 3734 3385 leviores.

2217 3423 2361 3479 unde
2388 3432 2441 3480 et
2462 3426 2660 3481 cmlum
2694 3427 2841 3480 velut
2894 3426 3234 3494 superiorum
3292 3426 3547 3479 fabricam
3596 3418 3735 3490 igneis

2218 3519 2439 3583 atomis,
2472 3533 2594 3589 qua
2618 3527 2672 3572 et
2702 3518 2935 3575 leviores
2964 3528 3092 3573 sunt
3111 3528 3166 3595 ct
3195 3534 3418 3572 sursum
3444 3530 3636 3586 semper
3664 3512 3729 3563 fu-

2215 3611 2390 3682 giunt,
2417 3622 2673 3665 asserunt
2702 3617 2987 3666 structam.
3021 3608 3209 3679 Neque
3254 3624 3387 3679 ergo
3432 3606 3733 3661 fundamenta

2213 3702 2357 3773 ignis
2387 3712 2481 3756 aut
2517 3703 2619 3756 alia
2672 3703 2778 3757 ulla
2809 3703 3011 3756 habere
3062 3700 3305 3756 mundus
3366 3707 3554 3770 potest,
3596 3705 3733 3761 neque

2214 3794 2410 3848 atomis
2442 3792 2787 3864 gravioribus
2817 3808 2940 3847 cum
2976 3792 3298 3857 levioribus,
3332 3792 3383 3846 id
3419 3800 3499 3845 est
3524 3790 3601 3843 his
3639 3797 3730 3854 qua:

2211 3884 2469 3940 deorsum
2510 3899 2726 3956 semper
2765 3884 3177 3955 praecipitantur
3217 3892 3269 3937 et
3306 3884 3392 3939 his
3415 3898 3530 3953 qua:
3555 3887 3729 3945 semper

2212 3990 2433 4031 sursum
2457 3975 2691 4047 fugiunt,
2715 3976 2948 4031 societas
2978 3984 3073 4029 aut
3094 3976 3492 4046 compaginatio
3514 3973 3610 4026 ulla
3628 3983 3730 4021 con—

2209 4067 2409 4121 veniat.
2468 4066 2637 4136 Igitur
2687 4066 2832 4135 quod
2869 4066 3325 4135 impossibile-sit
3354 4082 3420 4120 ex
3465 4073 3723 4119 atomorum

2208 4156 2596 4223 conjunctione
2639 4169 2867 4225 corpora
2919 4156 3107 4210 mundi
3141 4156 3390 4223 solidari,
3448 4156 3725 4213 sufﬁcienter

2208 4244 2437 4308 dictum,
2468 4252 2523 4300 et
2547 4244 2692 4314 quod
2711 4260 2820 4299 non
2850 4248 3126 4316 potuerint
3147 4246 3488 4303 insensibilia
3517 4256 3724 4312 corpora.

2206 4336 2419 4391 etiamsi
2448 4336 2558 4389 ulla
2605 4336 2818 4391 ratione
2860 4337 3009 4391 coire
3051 4346 3106 4392 et
3150 4340 3402 4394 connecti
3447 4336 3723 4408 potuissent.

538 4420 684 4474 enim
744 4422 814 4477 de
861 4427 1258 4495 superioribus,
1292 4427 1452 4483 verbi'
1485 4429 1655 4499 gratia
1706 4430 2103 4485 minutissimas
2135 4432 2180 4485 D
2209 4425 2411 4481 formas
2441 4428 2572 4481 dare
2602 4429 2943 4498 corporibus,
2973 4436 3026 4484 et
3056 4445 3365 4497 mensuras,
3401 4427 3621 4484 membra
3650 4424 3726 4475 tiu.

540 4511 747 4580 paleas,
776 4520 830 4569 et
858 4515 924 4569 ad
962 4518 1205 4571 eamdem
1265 4519 1690 4589 magnitudinem
1749 4520 2106 4575 minutissimi

541 4602 746 4669 plumbi
771 4606 1068 4673 particulas
1090 4606 1342 4661 deorsum
1370 4608 1559 4677 jaciat,
1583 4608 1829 4678 nunquid
1852 4618 2105 4678 poterunt

536 4694 790 4760 quamvis
842 4699 1077 4767 aequales
1128 4699 1240 4752 sint
1291 4699 1685 4767 magnitudine,
1746 4701 1890 4755 leves
1938 4701 2107 4770 paleae

538 4795 722 4856 partes
759 4789 965 4858 plumbi
995 4790 1293 4860 particulas
1321 4791 1627 4861 consequi?
1656 4792 1817 4861 longe
1839 4794 1985 4846 enim
2009 4808 2104 4848 ve-

536 4876 713 4932 locius
739 4878 806 4932 ad
852 4878 1021 4933 imum
1074 4880 1324 4950 graviora
1362 4883 1707 4951 perveniunt.
1769 4884 1844 4938 ita
1891 4899 2021 4954 ergo
2050 4892 2108 4939 et

535 4969 724 5034 atomi,
769 4970 985 5025 etiamsi
1026 4972 1393 5041 magnitudine
1423 4975 1660 5044 aequales
1684 4974 1813 5041 sint,
1870 4975 2107 5046 pondere

536 5068 720 5117 tamen
743 5063 1059 5132 Inaequales,
1086 5079 1364 5134 nunquam
1386 5074 1641 5135 poterunt
1661 5083 1783 5137 quae
1813 5068 1956 5121 leves
1979 5078 2107 5122 sunt

534 5152 797 5222 consequi
825 5154 1135 5225 graviores;
1161 5155 1307 5224 quod
1340 5156 1387 5209 si
1418 5156 1680 5226 consequi
1705 5173 1813 5212 non
1847 5165 2100 5227 possunt,

533 5241 658 5298 sine
684 5243 853 5301 dubio
873 5262 975 5301 nec
1004 5245 1224 5301 misceri
1249 5263 1350 5301 nec
1380 5262 1581 5317 corpus
1601 5248 1836 5303 efﬁcere.

608 5331 794 5391 XVlII.
826 5334 964 5392 Tum
1011 5337 1209 5393 deinde
1237 5338 1283 5392 si
1339 5338 1711 5396 indesinenter
1757 5340 2010 5395 feruntur
2046 5349 2102 5397 et

2206 4532 2357 4589 gere,
2388 4519 2472 4572 vel
2500 4520 2791 4588 qualitates
2824 4519 3062 4585 efﬁcere,
3096 4522 3181 4576 vel
3218 4524 3518 4592 exprimere
3545 4516 3726 4589 quantié

2207 4618 2385 4677 tates;
2415 4626 2540 4700 (ιη
2562 4612 2750 4682 utique
2778 4615 2959 4667 omnia
2990 4614 3361 4669 modulatione
3405 4615 3513 4675 sui,
3544 4620 3723 4665 manum

2209 4707 2477 4757 testantur
2502 4702 2728 4757 a'rtilicis
2756 4711 2809 4755 et
2840 4718 2975 4772 opus
3008 4705 3235 4761 rationis
3264 4706 3568 4765 ostendunt,
3592 4712 3721 4771 quam

2208 4792 2472 4845 rationem
2507 4807 2607 4862 ego
2630 4790 2864 4854 Vettium
2892 4801 2943 4845 et
2978 4793 3140 4846 Deum
3176 4797 3410 4864 appello.

2279 4880 2396 4934 XX.
2432 4880 2538 4935 Sed
2566 4881 2713 4935 dicet
2740 4882 2937 4951 aliquis
2961 4882 3072 4935 haec
3095 4898 3125 4935 a
3152 4893 3345 4936 natura
3372 4884 3507 4940 ﬁeri.
3553 4879 3654 4933 Jam
3682 4876 3722 4928 in

2206 4966 2311 5026 hoc
2336 4972 2404 5026 de
2425 4972 2643 5027 nomine
2673 4973 3043 5027 controversia
3073 4981 3175 5029 est.
3210 4974 3343 5028 Cum
3371 4976 3507 5029 enim
3549 4976 3721 5025 constet

2206 5065 2406 5118 mentis
2434 5079 2556 5120 esse
2579 5073 2632 5119 et
2654 5067 2882 5120 rationis
2910 5080 3067 5134 opus,
3121 5066 3222 5119 hoc
3252 5067 3394 5136 quod
3427 5076 3479 5120 tu
3512 5070 3718 5119 naturam

2204 5170 2391 5221 vocas,
2423 5172 2521 5227 ego
2544 5156 2715 5213 Deum
2746 5159 3082 5213 conditorem
3104 5176 3271 5228 voco;
3298 5167 3507 5216 constat
3538 5170 3625 5209 nec
3646 5164 3719 5218 por

2203 5249 2378 5305 tuisse
2406 5265 2507 5305 nec
2541 5266 2701 5320 posse
2732 5251 2813 5305 vel
2841 5266 3130 5321 corporum
3168 5254 3377 5324 Species
3418 5262 3521 5305 tam
3560 5255 3715 5301 neces-

2172 5370 2189 5397 .ι
2208 5342 2370 5397 sariis
2396 5342 2840 5397 distinctionibus
2870 5342 3169 5411 institutas,
3200 5345 3282 5400 vel
3310 5344 3599 5397 animorum
3619 5347 3715 5389 δεη-

1829 5478 2193 5535 COTELERII
2231 5480 2461 5535 NOTAE.

606 5608 720 5689 £62)
755 5611 1096 5689 Aiunt__enit_tt
1136 5620 1447 5689 corpuscula
1472 5635 1586 5687 ipsa
1614 5634 1731 5688 qua:
1758 5628 1959 5674 atomos
2003 5637 2098 5689 ap-

533 5679 754 5749 pellant,
776 5690 884 5740 etc.
908 5682 1029 5741 Non
1057 5685 1163 5743 hoc
1188 5679 1404 5744 dicebat
1433 5679 1731 5759 Epicurus;
1763 5690 1872 5747 imo
1901 5679 2096 5747 atomis

2202 5619 2475 5744 ῑι-ἱιἪεξεη
2525 5621 2865 5678 solummodo
2904 5624 3129 5695 ﬁguram
3159 5664 3173 5691 ,
3227 5618 3625 5692 magnitudinem
3669 5612 3713 5665 α

2202 5706 2306 5744 non
2418 5728 2432 5744 .

2199 5706 2432 5755 pondus.
