4036 6252
318 308 454 367 1381

1515 296 2087 365 RECOGNITIONUM
2126 306 2255 362 LIB.
2285 306 2421 363 Vl".

3430 313 3571 371 I582

319 444 441 494 sus,
478 425 841 482 irrationabili
866 441 1030 499 opere
1049 414 1104 482 et
1127 426 1275 497 quod
1308 442 1471 483 sensu
1501 434 1687 481 careat
1724 425 1887 482 elIici.
1917 434 1966 492 Α
2064 423 2229 480 XXII.
2289 424 2395 481 Sed
2443 440 2510 481 ne
2557 423 2625 481 de
2662 423 2749 481 his
2791 440 2919 496 qua!
2948 442 3056 482 non
3084 428 3340 486 omnibus
3388 432 3565 501 palam

278 504 279 511 “
316 518 475 586 Quod
502 520 546 574 si
570 518 750 574 idonei
778 518 875 573 tibi
911 524 1078 573 testes
1106 519 1359 573 videntur
1379 518 1709 589 philosophi,
1736 516 1891 573 Plato

310 614 385 671 ϐε
412 615 498 670 bis
525 623 758 671 testatur
781 615 836 669 in
860 611 1059 669 Timazo
1090 614 1226 688 (65),
1258 615 1349 671 ubi
1381 616 1448 670 de
1474 617 1663 671 mundi
1681 616 1891 672 factura

276 703 620 766 t’discutiens
671 706 927 776 requirit,
966 714 1278 761 utrumnam
1320 722 1537 777 semper
1590 706 1785 772 fuerit,
1820 723 1890 762 an

230 862 233 871 δ
316 797 527 852 initium
558 798 876 868 sumpserit,
907 804 961 853 et
999 799 1318 869 pronuntiat
1367 800 1496 870 quia
1548 798 1727 855 factus
1759 800 1832 856 sit
1869 814 1883 852 :

316 885 559 943 Visibilis
594 889 760 955 enim,
793 889 993 960 inquit,
1026 897 1112 945 est
1138 897 1193 946 et
1240 890 1530 962 palpabilis
1563 899 1728 962 atque
1758 906 1887 946 cor-

310 993 534 1050 poreus,
567 979 750 1035 omnia
781 968 962 1037 autem
992 996 1115 1051 qua:
1171 981 1485 1053 bujusmodi
1540 990 1691 1048 sunt,
1741 981 1886 1037 facta

308 1087 431 1127 esse
465 1080 717 1139 constat;
748 1072 895 1144 quod
926 1082 1110 1129 autem
1144 1073 1347 1129 factum
1376 1083 1482 1139 est,
1514 1076 1751 1147 aliquem
1780 1075 1884 1129 ha-

305 1162 396 1218 bet
439 1165 557 1219 sine
588 1164 753 1220 dubio
783 1173 1063 1220 auctorem
1085 1206 1100 1231 ,
1132 1182 1163 1221 a
1195 1182 1306 1237 quo
1338 1165 1542 1222 factum
1572 1178 1675 1225 est.
1726 1167 1885 1227 Hunc

303 1270 454 1326 ergo,
481 1257 681 1326 inquit,
723 1256 983 1315 factorem
1006 1268 1392 1331 parentemqtte
1419 1260 1685 1324 omnium,
1712 1269 1768 1317 et
1794 1262 1882 1318 in-

305 1349 489 1404 venire
511 1349 729 1405 dilIicile
766 1358 924 1405 estet
971 1352 1253 1406 inventum
1290 1354 1451 1426 vulgo
1480 1370 1741 1411 enarrare
1778 1356 1883 1411 im-

301 1441 585 1509 possibile.
618 1441 745 1497 Ilaec
793 1442 1014 1512 quidem
1054 1443 1212 1499 Plato
1241 1446 1414 1513 dicit;
1448 1446 1545 1502 sed
1591 1454 1645 1503 et
1688 1448 1735 1503 si
1766 1448 1882 1517 ipse

301 1532 506 1603 aliique
536 1532 852 1589 Graecorum
884 1536 1196 1607 pliilOSOphi
1228 1536 1296 1593 de
1327 1537 1538 1593 Iactura
1580 1540 1769 1594 mundi
1806 1540 1881 1596 si-

302 1624 413 1680 lere
442 1626 767 1691 voluissent,
803 1643 987 1683 nonne
1017 1630 1277 1686 omnibus
1310 1630 1648 1687 intellectum
1671 1632 1880 1689 haben-

303 1716 449 1771 tibus
498 1718 675 1787 palam
736 1718 1084 1785 esset?Quis
1115 1722 1263 1776 enim
1318 1729 1406 1777 est
1462 1722 1644 1791 exigui
1681 1725 1877 1779 saltem

1994 525 2145 582 sunt,
2172 518 2381 573 incerta
2407 516 2656 571 videatur
2678 520 2932 582 assertio,
2960 518 3026 571 ad
3056 534 3117 575 ea
3140 521 3424 578 veniamus
3446 540 3568 595 quae

1993 610 2263 665 neminem
2297 610 2489 664 latent.
2517 608 2652 674 Quis
2668 617 2938 664 astrorum
2957 626 3152 667 cursus
3177 619 3325 667 tanta
3353 616 3569 673 ratione

1991 700 2285 772 disposuit,
2321 707 2586 772 ortusque
2608 717 2799 757 eorum
2830 709 2884 757 et
2902 718 3135 758 occasus
3154 704 3411 770 instituit,
3444 722 3567 762 cer-

1990 794 2171 864 tisque
2216 800 2273 848 et
2327 793 2604 849 demensis
2648 794 2987 862 temporibus
3034 794 3329 867 unicuique
3379 806 3567 853 tenere

1990 888 2115 943 caeli
2147 886 2413 941 ambitum
2446 884 2634 941 dedit?
2664 886 2799 952 Quis
2820 886 2888 942 ad
2915 903 3171 944 occasum
3201 889 3322 946 aliis
3351 906 3569 961 semper

1988 979 2234 1044 tendere,
2266 978 2390 1033 aliis
2422 979 2588 1033 etiam
2616 978 2795 1034 redire
2822 978 2877 1033 in
2909 988 3089 1036 ortum
3114 981 3399 1050 permisit?
3429 981 3565 1047 Quis

1988 1067 2251 1140 imposuit
2277 1068 2497 1122 modum
2532 1068 2789 1123 cursibus
2820 1068 2973 1132 solis,
3001 1076 3060 1122 ut
3090 1070 3255 1124 horas
3278 1076 3334 1125 et
3363 1070 3479 1126 dies
3510 1078 3566 1126 et

1985 1177 2205 1217 menses
2233 1167 2289 1216 et
2322 1168 2631 1230 temporum
2659 1160 3068 1217 vicissitudines
3115 1161 3353 1218 diversis
3397 1164 3565 1218 moti-

1985 1251 2089 1307 bus
2118 1253 2331 1323 signet,
2362 1258 2416 1305 et
2447 1265 2593 1304 nunc
2637 1250 2870 1305 hiemem
2897 1289 2911 1316 ,
2959 1251 3089 1306 inde
3129 1268 3247 1319 ver,
3284 1262 3524 1308 mstatem
3547 1295 3563 1319 ,

1985 1349 2109 1413 post
2133 1352 2187 1396 et
2210 1349 2531 1395 autumnum
2554 1347 2703 1395 certa
2727 1355 2928 1396 cursus
2959 1341 3045 1396 sui
3075 1341 3421 1398 dimensione
3450 1344 3569 1399 dis-

1984 1441 2211 1499 cernat,
2294 1441 2349 1488 et
2397 1448 2615 1503 semper
2668 1433 2874 1489 eisdem
2943 1434 3155 1490 vicibus
3203 1436 3332 1490 anni
3376 1437 3565 1492 orbem

1984 1525 2275 1581 inconfusa
2321 1526 2587 1582 varietate
2635 1526 3027 1598 constringat?
3081 1526 3250 1594 Quis,
3308 1530 3563 1600 inquam,

1982 1619 2119 1673 tanti
2147 1617 2359 1675 ordinis
2402 1618 2863 1683 moderatricem,
2916 1634 3026 1672 non
3073 1618 3252 1689 ipsam
3295 1617 3391 1674 Dei
3437 1635 3565 1689 pro-

1981 1711 2197 1767 nuntiet
2225 1712 2548 1783 sapientiam
2573 1711 2597 1765 ?
2626 1709 2693 1764 Et
2722 1711 2835 1765 haec
2880 1711 3101 1781 quidem
3138 1713 3438 1767 secundum
3473 1714 3564 1768 illa

299 1823 496 1863 sensus
522 1808 713 1874 homo,
743 1810 837 1881 qui
885 1826 1008 1865 cum
1040 1819 1229 1867 cernat,
1258 1812 1481 1867 domum
1524 1814 1707 1869 omnia
1751 1830 1872 1885 qum
1904 1803 1946 1858 Β
1974 1804 2135 1858 nobis
2164 1803 2312 1858 dicta
2338 1804 2474 1867 sint,
2498 1818 2619 1874 quae
2648 1803 2715 1858 de
2742 1804 3084 1859 excelsorum
3114 1803 3422 1875 disciplinis
3450 1812 3568 1860 tra-

298 1897 365 1953 ad
398 1914 531 1955 usus
553 1901 872 1956 neces‘Saria
895 1909 1026 1957 sunt
1056 1902 1369 1970 habentem,
1403 1903 1562 1973 cujus
1604 1918 1876 1960 cameram

296 1986 352 2041 in
382 1988 607 2059 sphaerae
627 2005 815 2061 gyrum
839 1992 1025 2049 videat
1079 1994 1390 2061 collectam,
1448 2011 1679 2066 eamque
1724 1996 1879 2049 vario

294 2077 589 2147 splendore
618 2088 675 2136 et
703 2081 936 2141 diversis
964 2084 1293 2157 imaginibus
1310 2084 1606 2156 depictam,
1639 2086 1878 2140 lumina-

294 2169 450 2226 ribus
481 2172 774 2242 praecipuis
819 2184 874 2232 et
905 2177 1160 2231 maximis
1192 2177 1554 2244 adornatam;
1594 2178 1744 2248 quis,
1793 2177 1880 2234 in-

289 2277 479 2332 quam,
535 2274 642 2330 est,
699 2269 796 2340 qui
847 2269 1457 2340 hujusmodifabricam
1508 2270 1717 2336 videns,
1766 2287 1876 2326 non

288 2355 472 2408 statim
514 2361 831 2429 pronuntiet
877 2376 907 2415 a
944 2363 1354 2431 sapientissimo
1385 2370 1440 2418 et
1489 2364 1878 2435 potentissimo

287 2445 500 2505 artiﬁce
547 2453 962 2507 constructam?
991 2453 1057 2507 Et
1107 2455 1183 2509 ita
1210 2456 1336 2528 quis
1393 2456 1703 2513 invenietur
1739 2460 1877 2514 insi-

288 2541 469 2611 piens,
510 2551 569 2597 ut
598 2560 722 2598 cum
748 2545 876 2600 εωιί
894 2561 1035 2616 opus
1067 2547 1351 2618 inspiciat,
1372 2549 1719 2619 splendorem
1743 2554 1876 2608 solis

286 2641 481 2687 cernat
507 2648 571 2688 ac
601 2635 765 2698 lunae,
801 2643 1081 2690 astrorum
1112 2652 1312 2692 cursus
1344 2644 1397 2691 et
1419 2638 1629 2706 species
1661 2646 1715 2693 et
1760 2638 1876 2693 vias

285 2726 458 2781 certis
489 2727 799 2782 rationibus
816 2736 870 2783 et
888 2729 1232 2799 temporibus
1252 2728 1436 2784 videat
1455 2728 1733 2796 deﬁnitas,
1766 2746 1875 2785 non

286 2825 402 2871 tam
436 2832 467 2871 a
496 2820 740 2889 sapiente
769 2820 885 2876 haec
910 2822 1123 2878 artiﬁce
1153 2833 1207 2878 et
1232 2823 1583 2889 rationabili,
1618 2839 1781 2895 quam
1808 2823 1876 2877 ab

285 2910 410 2981 ipsa
434 2911 705 2980 sapientia
732 2921 786 2968 et
815 2918 1031 2969 ratione
1065 2916 1264 2969 clamet
1295 2914 1525 2969 eﬂ‘ecta?

363 3000 503 3056 XXI.
531 3001 687 3069 Quod
717 3011 771 3059 et
791 3005 839 3060 si
868 3008 1169 3062 secundum
1196 3008 1333 3064 alios
1355 3007 1671 3065 Graecorum
1696 3009 1877 3081 philo~

282 3091 494 3162 sophos
530 3093 721 3149 audire
748 3094 854 3159 vis,
886 3103 941 3150 et
972 3097 1309 3171 meclianicis
1340 3099 1587 3155 imbutus
1618 3116 1677 3155 es
1706 3100 1875 3156 disci-

1983 1897 2191 1951 duntur
2218 1910 2248 1949 a
2279 1894 2507 1951 ϐαθεῖς.

2053 1984 2246 2040 XXIII.
2291 1984 2433 2053 Quid
2463 1992 2644 2041 autem
2676 1993 2728 2040 et
2756 1985 2822 2041 de
2849 1986 2967 2049 bis,
3016 2002 3137 2056 qua!
3175 1987 3258 2041 vel
3301 1987 3355 2042 in
3398 1988 3564 2045 terris

1982 2081 2065 2136 vel
2100 2082 2156 2135 in
2184 2081 2322 2134 mari
2357 2078 2655 2136 videmus?
2692 2096 2877 2135 nonne
2917 2081 3204 2135 evidenter
3245 2082 3561 2145 edocemur,

1980 2173 2078 2230 Dei
2116 2175 2168 2228 in
2197 2174 2283 2229 his
2313 2188 2423 2228 non
2465 2174 2642 2228 solum
2685 2188 2823 2242 opus
2861 2187 3015 2236 esse,
3049 2171 3144 2227 sed
3180 2181 3233 2227 et
3271 2172 3566 2244 providen-

1981 2265 2158 2319 tiam?
2184 2264 2319 2319 Nam
2346 2264 2493 2335 quod
2524 2265 2578 2319 in
2612 2275 2756 2319 terra
2787 2272 2999 2320 montes
3022 2266 3225 2321 excelsi
3253 2266 3364 2337 (65)
3396 2268 3565 2322 certis

1980 2358 2293 2429 quibusque
2321 2357 2597 2412 habentur
2628 2356 2683 2411 in
2715 2358 2853 2412 locis
2875 2399 2889 2423 ,
2922 2366 2983 2411 ut
3010 2375 3075 2413 ex
3104 2358 3189 2413 his
3220 2359 3368 2414 velut
3412 2374 3564 2413 com-

1980 2465 2205 2520 pressus
2230 2456 2285 2505 et
2316 2456 2714 2519 coangustatus
2744 2464 2837 2503 aer
2866 2450 3218 2505 ordinatione
3255 2449 3349 2515 Dei
3397 2463 3565 2520 coga-

1980 2551 2069 2596 tur
2098 2550 2152 2596 et
2180 2541 2524 2613 exprimatur
2553 2542 2608 2596 in
2638 2548 2867 2605 ventos,
2900 2557 2965 2596 ex
2995 2542 3197 2611 quibus
3243 2549 3297 2596 et
3343 2540 3560 2597 fructus

1979 2650 2201 2706 germen
2248 2634 2604 2704 concipiant,
2655 2641 2709 2688 et
2757 2634 2981 2689 azstivus
3030 2633 3196 2688 ardor
3245 2634 3563 2705 temperiem

1979 2736 2193 2793 sumat,
2239 2741 2366 2781 cum
2404 2724 2652 2781 Pleiades
2700 2725 2813 2798 (66)
2859 2726 3044 2797 ignita:
3087 2726 3222 2781 solis
3266 2727 3564 2782 ardoribus

1980 2820 2385 2876 incanduerint.
2437 2818 2543 2875 Sed
2591 2819 2782 2875 dices:
2830 2818 2944 2874 Cur
2989 2828 3044 2874 ct
3082 2819 3249 2874 ardor
3289 2821 3455 2886 solis,
3504 2829 3564 2874 ut

1978 2914 2271 2985 temperies
2303 2912 2660 2983 requiratur?
2694 2911 2758 2965 Et
2788 2911 3063 2985 quomodo
3095 2911 3563 2982 fruges.humanis

1979 3006 2174 3062 usibus
2201 3005 2527 3062 necessaria:
2561 3004 3042 3060 maturescerent?
3073 3002 3179 3059 Sed
3213 3011 3266 3058 et
3299 3003 3431 3058 illud
3466 3004 3561 3057 ad-

1978 3106 2163 3163 verte,
2222 3098 2365 3168 quod
2418 3096 2485 3151 ad
2517 3112 2673 3151 axem
2731 3096 3135 3160 meridianum,
3185 3095 3275 3150 ubi
3321 3096 3444 3165 plus
3479 3103 3563 3150 est

285 3160 477 3256 plinis,
509 3184 575 3241 de
598 3187 832 3243 excelsis
852 3203 973 3258 quae
995 3168 1313 3254 traduntur,
1340 3208 1446 3246 non
1478 3201 1531 3247 te
1558 3194 1679 3248 sine
1706 3194 1874 3250 dubio
1902 3160 1944 3218 C
1980 3191 2217 3247 caloris.
2250 3206 2362 3245 non
2395 3191 2566 3243 multa
2597 3188 2761 3243 datur
2788 3189 3016 3242 nubium
3049 3188 3415 3257 constipatio,
3458 3203 3563 3242 nec

284 3277 483 3333 latent.
518 3276 736 3333 Ponunt
772 3279 917 3333 enim
970 3280 1243 3350 sphaeram
1271 3284 1558 3352 mqualiter
1604 3300 1671 3339 ex
1724 3287 1872 3340 omni

286 3378 448 3442 parte
478 3371 784 3435 collectam,
804 3377 859 3427 et
888 3370 954 3425 ad
978 3372 1163 3426 omnia
1180 3373 1435 3430 similiter
1461 3377 1869 3447 respicientem,

282 3466 455 3531 atque
480 3474 510 3513 a
534 3470 723 3516 centro
745 3467 904 3516 terra:
930 3463 1105 3531 a’quis
1133 3464 1329 3533 spatiis
1357 3464 1695 3529 distinctam,
1728 3469 1876 3538 ipsa-

282 3567 398 3624 que
424 3552 509 3607 sui
538 3552 849 3621 aequalitate
890 3553 965 3607 ita
995 3554 1271 3622 stabilem,
1306 3566 1365 3611 ut
1393 3571 1513 3611 eam
1565 3556 1621 3612 in
1665 3561 1872 3613 nullam

279 3653 499 3719 partem
555 3644 831 3700 declinare
872 3645 1120 3721 undique
1154 3649 1439 3720 aequalitas
1486 3650 1719 3706 collecta
1748 3667 1874 3722 per—

280 3736 505 3803 mittat;
538 3742 592 3790 et
623 3736 699 3792 ita
726 3751 757 3792 a
790 3737 943 3793 nullo
982 3739 1303 3796 fulcimento
1339 3740 1600 3797 subvecta
1650 3749 1875 3798 susten-

282 3835 442 3887 tatur
472 3822 705 3901 sphaera.
734 3831 889 3898 Quod
920 3832 966 3889 si
991 3848 1118 3888 vere
1149 3833 1291 3888 hanc
1323 3833 1527 3889 habeat
1560 3834 1877 3889 similitudi-

280 3938 417 3980 nem
442 3923 633 3978 mund'i
673 3924 948 3991 machina,
982 3924 1207 3981 evidens
1236 3933 1323 3982 est
1372 3942 1512 3997 opus
1540 3926 1595 3981 in
1629 3942 1693 3983 ea
1734 3926 1876 3982 divi-

282 4030 425 4071 num
473 4015 529 4069 Si
563 4032 713 4080 vero,
734 4024 792 4069 ut
821 4016 945 4071 aliis
961 4017 1139 4071 visum
1164 4023 1269 4077 est,
1303 4032 1469 4088 super
1495 4032 1667 4088 aquas
1696 4020 1874 4087 posita

282 4107 508 4180 spbaira
547 4106 659 4178 (64)
691 4106 771 4163 vel
799 4122 966 4179 super
992 4108 1142 4179 ipsas
1171 4107 1365 4174 fertur,
1392 4108 1476 4163 vel
1508 4110 1561 4162 in
1587 4108 1723 4179 ipsis
1750 4109 1873 4163 vol-

280 4200 459 4265 vitur,
497 4200 663 4254 etiam
695 4201 776 4255 sic
827 4200 1008 4272 magni
1043 4201 1099 4255 in
1131 4214 1194 4256 ea
1225 4200 1455 4258 artiﬁcis
1504 4216 1645 4273 opus
1690 4202 1874 4257 decla-

280 4300 465 4348 ratur.

1983 3282 2273 3338 abundans
2338 3281 2496 3351 copia
2556 3278 2811 3333 imbrium
2876 3278 3150 3339 funditur,
3206 3294 3273 3333 ne
3333 3280 3562 3333 morlms

1978 3375 2355 3429 habitantibus
2395 3379 2733 3444 generetur;
2781 3371 3019 3425 humida:
3066 3373 3210 3426 enim
3261 3370 3467 3434 nubes,
3515 3370 3563 3425 si

1975 3471 2159 3522 calore
2202 3465 2395 3537 rapido
2424 3472 2755 3535 coquantur,
2785 3481 2966 3520 aerem
3013 3475 3332 3536 corruptum
3373 3474 3428 3519 et
3468 3481 3563 3535 pe-

1977 3562 2229 3617 stiferum
2276 3559 2532 3615 reddunt.
2588 3558 2695 3614 Sed
2744 3570 2799 3614 et
2850 3567 2995 3613 terra
3044 3559 3280 3613 calidum
3331 3559 3561 3614 imbrem

1975 3654 2287 3724 suscipiens
2310 3692 2324 3715 ,
2354 3667 2465 3705 non
2494 3652 2831 3705 nutrimenta
2877 3651 3186 3722 segetibus,
3240 3648 3335 3706 sed
3378 3651 3564 3721 perni-

1975 3744 2115 3799 ciem
2146 3743 2353 3814 praebet
2378 3761 2392 3806 ;
2423 3742 2478 3795 in
2509 3758 2620 3813 quo
2647 3742 2773 3813 quis
2803 3743 3019 3797 dubitat
3049 3758 3186 3813 opus
3216 3757 3338 3797 esse
3364 3741 3563 3795 divinat

1976 3834 2339 3891 Providentiae
2367 3835 2390 3889 ?
2421 3834 2666 3905 Denique
2703 3833 3139 3905 Egyptus,quia
3172 3833 3501 3903 Ethiopicis
3530 3850 3562 3889 e

1978 3928 2160 3983 vicino
2191 3927 2386 3999 ﬂagrat
2415 3926 2736 3990 ardoribus,
2782 3941 2852 3979 ne
2896 3926 3233 3982 insanabiles
3270 3933 3560 3994 corrupte-

1978 4021 2061 4075 las
2084 4019 2231 4076 aeris
2279 4019 2537 4074 imbrium
2587 4018 2921 4072 necessitate
2973 4017 3325 4086 susciperet,
3381 4016 3560 4085 campi

1980 4114 2100 4184 ejus
2146 4128 2253 4167 non
2296 4111 2534 4181 pluviam
2576 4110 2816 4165 nubibus
2856 4110 3257 4172 ministratam,
3304 4111 3400 4165 sed
3449 4118 3561 4164 ter-

1978 4222 2172 4261 renum
2204 4203 2609 4275 quodammodo
2639 4203 2867 4257 imbrem
2900 4202 3020 4257 Nilo
3053 4201 3353 4257 inundante
3382 4202 3559 4259 susci-

1981 4300 2139 4370 piunt
2173 4297 2310 4369 (67).

1601 4497 1974 4555 COTELEBII
2011 4497 2243 4554 ΝΟΤᾹΣ.

356 4692 480 4762 (65)
505 4690 585 4771 _I_n
622 4691 837 4771 Time.
872 4690 1646 4771 Accipejntegrum_Platonis
1673 4698 1874 4771 locum,
1911 4710 1955 4767 ι)
1980 4705 2035 4754 et
2060 4699 2263 4771 caelum
2286 4713 2637 4771 empyrzeum.

278 4780 404 4819 non
427 4763 645 4831 quidem
676 4773 736 4817 ut
758 4766 957 4819 citatur
980 4768 1047 4821 ab
1066 4763 1322 4831 Eusebio,
1348 4766 1701 4833 Theodorito,
1727 4763 1878 4825 aliis;-

278 4849 422 4905 que,
471 4832 565 4908 sed
593 4849 703 4908 quo
728 4836 905 4908 modo
921 4836 1129 4908 legitur
1158 4840 1303 4908 apud
1331 4839 1509 4908 ipsum
1543 4832 1823 4894 Platenem
1860 4859 1873 4894 :

279 4902 564 4981 Σκξπτέον
597 4902 689 4957 οὖν
712 4906 784 4981 ’δὴ
814 4905 943 4981 περὶ
970 4902 1133 4981 iure?)
1166 4902 1436 4981 (ὂερσμόυ)
1471 4910 1704 4981 πρῶτον,
1740 4911 1878 4981 ὅπερ

284 4974 576 5052 ῥτνόξεξιται
608 4977 733 5052 περὶ
766 4974 967 5052 arcturo;
995 4979 1052 5031 ἐν
1074 4974 1216 5052 apii;
1387 4974 1627 5052 σᾷεοτὲεἰν,
1649 4974 1876 5052 πότερθῦ

277 5044 355 5122 ἦν
374 5044 502 5122 Αὰβὶ,
525 5044 796 5122 χενέσεως
828 5049 1018 5122 λάρχὴν
1238 5049 1525 5122 Δοὐδεμίαν,
1561 5044 1873 5122 ῆγέγοῦεν,

279 5114 1138 5204 enemiesesse:
1181 5114 1438 5204 réveve'v-
1466 5114 1720 5204 ;ρρᾲτδς’
1744 5114 1873 5204 ep;

279 5183 465 5260 ἀπῖός
497 5183 557 5260 τὲ
589 5186 719 5260 catt
739 5187 833 5260 ml.
856 5183 1019 5260 ’σῶμα
1051 5183 1187 5260 ἔχων
1208 5208 1219 5222 ·
1249 5183 1430 5245 τὶάντα
1461 5192 1518 5245 δὲ
1538 5183 1612 5247 ῖσά
1630 5183 1874 5260 catasta,

279 5208 465 5247 απτυς
497 5208 557 5236 τε
589 5208 705 5237 εστι
739 5208 833 5239 και
863 5208 1019 5259 σωμα
1051 5208 1076 5242 ε
1113 5208 1187 5243 ων
1208 5208 1219 5222 ⁸
1249 5208 1430 5245 παντα.
1461 5208 1506 5245 οε

273 5254 561 5325 αἰσθητά’
581 5253 651 5333 τᾲ
677 5255 734 5308 δὲ
763 5258 1016 5333 αἰσθητὰ,
1038 5208 1162 5333 δόχξῃ
1193 5262 1506 5333 περιληπτά

279 5325 787 5420 ἳίφέθὲἵῖέμξὶοέ
805 5325 1162 5420 ΞξῗέξῖεΥηῖά’
1180 5325 1386 5420 issi”?
1418 5333 1508 5420 ΤΦ
1537 5325 1580 5387 δ’
1612 5330 1680 5388 αὖ
1713 5325 1881 5420 ,γενδ-

278 5397 446 5522 ιίζένῳ
467 5394 665 5466 φαμὲνς
690 5397 780 5448 ὑπ’
800 5394 972 5451 αἰτίού
999 5394 1142 5465 mos;
1170 5394 1415 5475 ἀῦάγδξην
1442 5394 1582 5458 εἶναι
1604 5394 1874 5475 γενέξτθαι.

331 5467 397 5520 ὸν
433 5466 534 5522 μὲν
564 5463 657 5520 οὖν
690 5467 920 5522 ποιητὴν
960 5471 1056 5522 καὶ
1104 5475 1315 5522 πατέοα
1343 5474 1497 5522 τοῦδε
1528 5476 1625 5522 τοῦ
1653 5477 1870 5522 παντὸς,

331 5467 397 5545 ev
420 5463 534 5545 μὲν
551 5463 658 5545 ὀὖλέ
690 5467 920 5539 ποιητὴν
942 5471 1056 5545 ,καῇ
1104 5463 1315 5545 ῖὲατὲρόι
1343 5463 1497 5529 τῖὶῦδε
1528 5463 1627 5529 rei";
1653 5477 1873 5545 παντὸς,

277 5537 480 5662 ῗὲρείν
524 5553 586 5589 τε
616 5537 828 5609 ἔργων’,
872 5537 966 5591 καὶ
991 5537 1352 5611 εὑρόντα,ἐἰς
1379 5546 1587 5611 πάντας
1617 5537 1877 5603 ἀδύνατόύ

348 5622 493 5662 γειν.

390 5622 493 5659 ειν.

390 5622 459 5657 εικ
479 5646 493 5659 .

348 5622 482 5761 ἷΟῷ
523 5676 584 5733 Si
612 5696 753 5761 vero,
786 5688 844 5761 ut
878 5681 1205 5761 aliis_vist_¢_m
1232 5694 1331 5761 est,
1358 5704 1514 5756 super
1542 5708 1707 5761 aquas
1730 5692 1874 5761 posi-

280 5759 344 5805 ta
376 5749 610 5819 sphwra,
642 5759 750 5809 etc.
784 5750 971 5825 Aquas
992 5752 1254 5828 _intellige
1298 5749 1440 5815 inter
1468 5749 1871 5819 ﬁrmamentum

1582 5264 1893 5337 sr’_al60ﬁ-'

2060 4771 2197 4842 (65)_
2214 4770 2358 4842 Nam
2380 4770 2519 4841 quod
2543 4773 2595 4824 in
2631 4780 2770 4826 terra
2802 4780 3000 4827 montes
3024 4774 3237 4841 excelsi,
3269 4782 3373 4829 etc.
3410 4776 3555 4831 Cita-

1984 4840 2076 4915 t_ur
2106 4840 2335 4915 a'Beda,
2369 4840 2509 4915 libro
2541 4842 2835 4915 Denatura
2861 4861 3057 4909 rerum,
3081 4860 3200 4915 cap.
3231 4845 3323 4910 26,
3356 4848 3444 4902 ubi
3480 4850 3558 4901 vi-

1956 4911 2177 4966 denda:
2203 4910 2409 4968 Glossae
2441 4914 2631 4968 incerti
2667 4915 2929 4970 auctoris.
3002 4926 3005 4929 '

2058 4983 2170 5053 (66)
2202 4983 2469 5040 Pleiades.
2500 4984 2677 5039 Ejitio
2708 4984 3055 5051 Basilecnsis,
3088 4994 3141 5041 et
3171 4987 3292 5043 libri
3317 4986 3379 5040 R.
3414 4997 3467 5045 et
3492 4988 3553 5046 P.

1984 5050 2362 5133 Pliades.'Qua
2391 5056 2459 5110 de
2488 5055 2720 5133 lectione
2744 5050 3198 5133 i_n__Etymologico
3229 5075 3330 5115 suo
3354 5060 3561 5116 doctis-

1983 5122 2158 5195 simus
2192 5122 2439 5195 Vossius,
2468 5141 2601 5180 voce
2633 5125 2888 5195 Virgiliw.

2048 5194 2162 5266 (67)
2204 5194 2489 5250 Terrenum
2531 5194 2918 5267 quodammodo
2970 5197 3187 5254 imbrem
3235 5199 3360 5256 Nilo
3400 5201 3554 5254 ίηιιηέ

1977 5263 2473 5337 άαὶιεεέιιεεὶρὶιιηι.

2094 5377 2168 5409 ._.
2214 5378 2228 5392 .
2392 5378 2408 5392 .
2450 5380 2463 5392 .
2508 5378 2521 5392 .
2568 5378 2583 5395 .
2629 5378 2642 5392 .
2685 5335 2926 5409 leoque
2957 5349 3172 5395 vacante

2091 5406 2135 5482 1‘
2132 5418 2415 5482 ert-estrem
2443 5408 2675 5482 pluviam
2705 5406 2935 5482 diffusus
2964 5412 3186 5482 porrigit
3217 5414 3411 5478 amnis,

1980 5476 2049 5534 de
2078 5476 2201 5532 Nilo
2227 5476 2471 5555 Alcimus
2494 5480 2688 5555 A_vitus
2706 5476 3020 5555 Poematum
3050 5476 3141 5555 lib.
3162 5500 3209 5552 t;
3242 5484 3383 5555 apud
3399 5476 3552 5538 ⁷6η.

1980 5564 2078 5624 eos
2094 5565 2235 5624 vero
2256 5550 2412 5624 Philo
2436 5550 2657 5624 Iudaeus
2686 5566 2704 5604 ι
2726 5549 2811 5624 _l)e
2824 5550 2931 5606 vita
2952 5552 3142 5624 Hosis,
3165 5549 3219 5624 ρ’.
3250 5549 3355 5609 6'34
3375 5575 3388 5609 :
3407 5556 3551 5608 Ἐπεὶ

1977 5620 2074 5673 καὶ
2121 5620 2193 5707 γῇ
2245 5620 2503 5707 malam;
2536 5620 2690 5707 becov
2719 5620 3185 5707 ἤνεγκενέοςτὰρς
3204 5627 3268 5707 ἐν
3300 5626 3557 5707 Λιγιξπτιρ

1978 5690 2612 5769 ποτᾳᾼμὸςμκαοᾝκριοῖτον
2642 5690 2887 5769 ἐνιᾲυτίξν
2911 5698 3030 5759 ταῖς
3057 5690 3555 5769 ἐξῖπιόάσεσιίᾶελημξ

1978 5766 2186 5835 μορῶν,
2215 5764 2341 5821 ὅταν
2372 5761 2575 5837 ἀρδεύῃ
2599 5762 2697 5828 τὰς
2728 5763 2995 5840 ἀρούρας,
3032 5766 3082 5820 τί
3115 5769 3299 5841 ἕτερον
3333 5768 3369 5841 ἢ
3402 5761 3559 5829 esis;
