4036 6252
540 243 678 299 1585

1367 236 1425 292 8.
1458 236 1893 291 CLEMENTISI
1932 236 2097 293 ROM.
2139 237 2340 294 PONT.
2382 238 2605 294 OPERA
2646 238 2864 295 DUBIA.

3628 241 3762 298 1584

609 356 798 412 XXIV.
841 355 982 423 Quid
1012 355 1080 409 de
1107 353 1349 408 fontibus
1393 353 1638 409 dicemus
1670 363 1723 409 et
1751 356 1929 412 ﬂuviis
1951 396 1966 419 ,
2008 353 2097 424 qui
2130 358 2173 414 Α
2204 355 2395 410 ordine
2428 370 2600 425 genus
2635 369 2852 410 servare
2881 353 3050 424 jussit
3084 352 3137 406 in
3176 354 3338 407 terris
3359 393 3371 415 ,
3408 352 3560 407 verbi
3594 356 3760 424 gratia

536 450 760 520 perenni
786 449 841 502 in
863 462 1010 501 mare
1032 444 1204 498 ﬂuunt
1230 446 1445 499 meatu?
1468 444 1531 496 Et
1550 460 1645 514 per
1664 445 1903 500 divinam
1921 445 2104 498 Provi-

533 540 776 594 dentiam
802 552 905 592 nec
932 536 1039 591 illis
1060 534 1347 588 abundans
1370 531 1554 585 oeticit
1579 549 1795 598 cursus,
1827 550 1927 587 nec
1953 547 2102 587 mare

535 641 717 687 tantas
755 644 1020 700 aquarum
1058 626 1328 695 recipiens
1368 626 1555 695 c0pias
1594 627 1763 679 ullum
1805 627 1969 681 sentit
2003 642 2101 680 au-

506 731 811 799 dgmentum
837 763 853 787 ,
887 720 981 776 sed
1014 719 1068 773 in
1100 719 1288 774 eadem
1316 732 1571 772 mensura
1611 724 1665 771 et
1705 732 1768 772 ea
1806 734 1927 786 quae
1966 733 2089 773 con-

506 814 743 921 xferunt,
795 821 849 867 et
884 828 945 867 ea
989 827 1108 881 quae
1157 810 1228 863 ibi
1273 808 1629 863 conferuntur
1668 811 1935 865 elementa
1974 825 2098 880 per-

511 900 748 983 :tlurant.
795 905 901 959 Sed
946 904 1086 958 dicis
1134 901 1310 955 mihi:
1355 900 1510 956 Salsa
1574 916 1715 971 aqua
1772 902 2099 955 naturaliter

526 998 806 1053 consumit
854 997 1114 1051 ﬂuentum
1159 994 1350 1057 dulce,
1412 995 1556 1065 quod
1616 996 1666 1049 ei
1724 994 1891 1049 fuerit
1951 992 2096 1048 infu-

526 1104 669 1144 sum.
746 1087 811 1141 Et
871 1090 927 1142 in
992 1088 1094 1140 hoc
1152 1100 1284 1155 ergo
1351 1086 1700 1140 manifestum
1763 1096 1849 1142 est
1904 1087 2096 1143 Provi-

524 1180 724 1235 dentiae
766 1196 903 1250 opus
924 1219 940 1244 ,
987 1189 1046 1235 ut
1088 1181 1293 1237 salsum
1326 1180 1533 1236 faceret
1563 1179 1695 1233 illud
1725 1178 2053 1233 elementum
2075 1216 2089 1241 ,

525 1269 582 1323 in
626 1268 771 1338 quod
816 1284 1011 1323 cursus
1044 1270 1286 1331 omnium
1330 1284 1629 1339 aquarum,
1663 1282 1800 1338 quas
1832 1265 1897 1320 ad
1930 1280 2090 1320 usum

530 1358 845 1414 hominibus
902 1360 1271 1429 prmstiterat,
1334 1359 1672 1425 declinavit;
1736 1358 1816 1412 uti
1861 1373 1931 1412 ne
1993 1372 2092 1426 per

527 1461 677 1507 tanta
711 1454 894 1507 smculi
920 1453 1092 1523 spatia
1116 1493 1132 1517 ,
1162 1454 1402 1523 repletus
1429 1453 1598 1508 maris
1641 1452 1829 1507 alveus
1860 1450 2091 1504 inunda-

527 1544 729 1597 tionem
774 1544 1142 1614 perniciosam
1186 1546 1348 1600 terris
1376 1552 1431 1599 et
1466 1543 1782 1599 hominibus
1814 1542 2082 1598 redderet.

524 1635 631 1690 Nec
678 1636 751 1689 ita
792 1625 1084 1706 quisquam
1129 1635 1396 1706 insipiens
1436 1636 1574 1700 erit,
1620 1645 1679 1690 ut
1706 1634 1847 1688 hanc
1876 1642 2082 1687 tantam

2203 453 2263 499 ut
2295 461 2392 515 per
2422 461 2487 500 os
2519 447 2832 516 conciperet
2857 460 3078 507 corvus,
3112 455 3165 498 et
3194 460 3291 513 per
3316 459 3503 500 aurem
3532 448 3763 500 mustela

2201 547 2485 607 generaret
2513 538 2648 609 (68),
2685 546 2744 591 ut
2778 553 2905 592 aves
2941 538 3214 592 nonnullae
3235 539 3376 590 sicut
3407 538 3642 605 gallinae.
3683 539 3764 591 in-

2200 626 2410 681 terdum
2444 643 2543 681 ova
2582 628 2667 681 vel
2706 635 2866 680 vento
2926 629 3007 681 vel
3058 628 3276 696 pulvere
3327 638 3592 697 concepta
3653 627 3760 697 (69)

2198 728 2480 790 parerent,
2534 720 2640 773 alia
2687 719 2934 788 quaedam
2990 719 3246 772 animalia
3298 734 3503 772 marem
3553 720 3762 773 vicibus

2199 810 2426 864 alternis
2454 810 2509 863 in
2538 809 2794 863 feminam
2827 815 3101 862 verterent
3129 815 3183 861 et
3221 822 3408 860 sexum
3449 820 3548 873 per
3589 821 3761 861 annos

2196 898 2442 968 singulos
2474 904 2877 952 commutarent
2897 937 2911 960 ,
2942 905 3001 950 ut
3030 898 3242 966 lepores
3268 904 3321 950 et
3364 896 3593 966 hyaenae,
3627 912 3761 966 quas

2196 991 2406 1047 belluas
2438 990 2550 1062 (70)
2583 997 2817 1052 vocant,
2846 990 2952 1043 alia
2978 989 3143 1043 etiam
3185 1004 3249 1043 ex
3301 999 3443 1043 terra
3485 991 3763 1045 orirentur

2195 1090 2358 1153 atque
2383 1084 2506 1137 inde
2538 1090 2820 1137 sumerent
2848 1097 3067 1136 carnem
3095 1121 3110 1146 ,
3146 1087 3206 1136 ut
3234 1082 3393 1151 talpa:
3414 1122 3428 1145 ,
3460 1082 3566 1135 alia
3591 1098 3661 1139 ex
3684 1084 3764 1138 ci-

2193 1192 2324 1232 nere
2345 1216 2360 1239 ,
2391 1185 2450 1230 ut
2474 1177 2674 1245 vipera:
2695 1214 2710 1237 ,
2761 1176 2869 1228 alia
2916 1191 2983 1229 ex
3014 1173 3338 1243 putrefactis
3364 1176 3629 1229 carnibus
3650 1216 3664 1239 ,
3703 1186 3762 1231 ut

2191 1282 2375 1337 vespae
2411 1267 2629 1337 quidem
2671 1267 2890 1336 equinis
2920 1265 3068 1335 (7i),
3115 1280 3245 1335 apes
3290 1273 3471 1320 autem
3505 1267 3757 1331 bubulis,

2190 1360 2295 1413 alia
2336 1374 2399 1415 ex
2444 1361 2570 1414 fimo
2615 1359 2781 1413 boum
2826 1357 2971 1427 (7‘2),
3005 1366 3064 1411 ut
3085 1358 3374 1420 scarabaei,
3404 1358 3509 1411 alia
3531 1373 3597 1411 ex
3639 1358 3759 1412 her-

2190 1452 2309 1515 bis,
2355 1458 2414 1505 ut
2453 1451 2520 1505 de
2549 1451 2727 1505 ocimo
2770 1452 3024 1521 scorpius
3069 1450 3215 1520 (75),
3255 1460 3309 1503 et
3348 1464 3542 1504 rursus
3580 1450 3759 1504 herba:

2189 1557 2253 1597 ex
2296 1541 2658 1604 animalibus,
2699 1548 2758 1594 ut
2786 1555 2853 1594 ex
2882 1555 3055 1595 cornu
3088 1541 3233 1595 cervi
3266 1540 3349 1594 vel
3378 1553 3556 1607 capra:
3578 1538 3685 1608 apii
3708 1548 3761 1592 et

2191 1635 2463 1704 asparagi.

517 1728 784 1783 rationem
809 1700 1143 1799 tantamque
1181 1700 1577 1799 providentiam
1618 1727 1688 1782 ab
1723 1723 2085 1781 irrationabili
2120 1700 2162 1755 Β
2257 1700 2450 1780 XXV-1.
2491 1724 2556 1779 Et
2599 1724 2729 1794 quid
2774 1739 2913 1794 opus
2962 1732 3046 1779 est
3086 1724 3242 1793 plura
3289 1737 3616 1777 enumerare
3643 1761 3658 1785 ,
3703 1722 3759 1776 in

515 1826 714 1872 natura
755 1820 1053 1874 arbitretur
1100 1836 1226 1875 esse
1270 1819 1620 1889 dispositam.

588 1909 755 1966 XXV.
797 1910 935 1977 Quid
964 1918 1144 1966 autem
1172 1910 1240 1965 de
1269 1911 1521 1980 virgultis
1541 1950 1555 1975 ,
1591 1908 1722 1980 quid
1762 1908 1828 1963 de
1870 1907 2086 1961 anima-

512 2003 663 2056 libus
692 2002 917 2056 dicam?
947 2002 1139 2057 Nonne
1166 2018 1264 2073 per
1286 2003 1690 2073 providentiam
1724 2000 1928 2055 factum
1962 2006 2081 2066 est,

512 2104 573 2151 ut
614 2111 739 2150 cum
788 2104 1008 2151 senecta
1052 2097 1315 2165 temporis
1362 2097 1806 2161 resolverentur,
1850 2095 2087 2165 virgulta

512 2189 732 2259 quidem
782 2190 867 2243 vel
920 2188 1123 2257 plantis
1167 2187 1254 2241 vel
1302 2185 1608 2241 seminibus
1654 2200 1777 2257 qua:
1823 2186 1943 2256 ipsa
1988 2186 2084 2242 de-

510 2280 724 2341 derint,
762 2278 1019 2333 animalia
1070 2291 1202 2333 vero
1234 2291 1333 2347 per
1363 2278 1681 2346 progeniem
1722 2276 2083 2347 reparentur?

512 2369 575 2423 Et
604 2371 741 2424 mira
776 2370 1011 2439 quadam
1046 2367 1458 2439 dispensatione
1487 2367 1857 2424 Providentiae
1892 2370 2081 2425 nasci-

510 2470 635 2516 turo
682 2462 866 2531 pecori
909 2462 992 2515 lac
1038 2471 1375 2531 praeparatur
1419 2461 1475 2515 in
1518 2460 1815 2525 uberibus,
1855 2477 1919 2516 ac
1967 2470 2080 2517 sta-

508 2556 605 2609 tim
656 2564 713 2608 ut
756 2562 945 2607 natum
991 2552 1183 2617 fuerit,
1226 2554 1375 2609 nullo
1421 2555 1652 2611 docente
1692 2556 1797 2611 scit
1838 2555 1932 2612 ubi
1974 2555 2080 2610 ali-

493 2648 707 2703 .moniae
743 2660 855 2701 sua:
890 2645 1085 2700 horrea
1123 2645 1384 2715 requirat.
1411 2645 1724 2718 Gignuntur
1754 2655 1935 2703 autem
1968 2665 2078 2704 non

507 2736 686 2791 solum
718 2750 898 2791 mares
918 2775 933 2800 ,
965 2736 1060 2791 sed
1089 2743 1144 2791 et
1173 2736 1408 2801 feminae,
1443 2747 1501 2793 ut
1529 2754 1595 2791 ex
1625 2745 1861 2808 utroque
1900 2739 2076 2808 possit

507 2840 700 2882 rursus
729 2837 983 2881 constare
1010 2827 1324 2897 posteritas.
1357 2826 1462 2882 Sed
1496 2844 1564 2883 ne
1594 2839 1652 2881 ut
1676 2838 1869 2899 putant
1901 2830 2078 2885 homi-

508 2933 608 2974 nes
627 2959 642 2986 ,
673 2904 989 2975 viderentur
1019 2920 1133 2974 haec
1158 2928 1369 2975 natura:
1391 2920 1629 2989 quodam
1661 2921 1856 2977 ordine
1881 2930 1935 2977 et
1963 2938 2075 2977 non

2186 1820 2388 1889 quibus
2421 1818 2604 1874 divina
2629 1816 2975 1872 Providentia
3015 1824 3224 1871 mutato
3275 1816 3468 1870 ordine
3492 1830 3556 1870 eo
3598 1816 3691 1885 qui
3728 1831 3761 1870 a

2184 1917 2385 1964 natura
2422 1908 2583 1964 datus
2623 1918 2866 1980 putatur,
2896 1909 3234 1963 multimodis
3265 1906 3588 1963 differentiis
3616 1908 3762 1961 nati-

2184 2003 2407 2057 vitatem
2440 2003 2757 2057 animalium
2787 2012 3043 2058 constare
3080 2002 3285 2067 voluit,
3317 2017 3382 2056 ex
3413 2003 3615 2072 quibus
3648 2016 3758 2055 non

2185 2095 2579 2152 irrationabilis
2619 2111 2804 2151 rerum
2850 2110 3078 2159 cursus,
3124 2093 3220 2149 sed
3269 2094 3440 2165 ipsius
3478 2093 3763 2163 dispensa-

2187 2199 2273 2244 tus
2300 2191 2511 2243 ratione
2535 2186 2865 2243 doceretur?
2902 2188 3009 2241 Aut
3038 2202 3145 2241 non
3190 2195 3243 2242 et
3284 2187 3339 2240 in
3366 2186 3470 2241 hoc
3496 2186 3758 2259 plenissi-

2184 2295 2332 2333 mum
2359 2280 2767 2334 demonstratur
2809 2294 2946 2348 opus
2989 2278 3187 2332 divina:
3226 2276 3620 2341 Providentiae,
3662 2275 3756 2330 ubi

2181 2388 2248 2429 ex
2294 2380 2438 2427 terra
2480 2378 2535 2426 et
2578 2386 2718 2441 aqua
2755 2377 2819 2425 ad
2846 2372 3015 2424 vitam
3039 2370 3320 2425 hominum
3367 2370 3576 2425 semina
3606 2369 3755 2438 jacta

2182 2464 2556 2534 reparantur?
2598 2480 2721 2536 quae
2751 2479 2875 2519 cum
2905 2471 3066 2518 terra:
3104 2461 3312 2517 fuerint
3342 2461 3598 2516 mandata
3617 2502 3633 2525 ,
3659 2475 3757 2513 vo-

2182 2557 2394 2613 luntate
2424 2555 2517 2612 Dei
2544 2555 2825 2612 humorem
2853 2570 3015 2626 quem
3043 2554 3349 2626 susceperit
3375 2554 3531 2626 gleba
3555 2594 3571 2620 ,
3605 2554 3757 2610 velut

2180 2651 2443 2707 uberibus
2503 2650 2622 2707 suis
2686 2650 2989 2706 seminibus
3035 2649 3338 2720 immulget.
3384 2648 3559 2719 Aquis
3604 2649 3752 2704 enim

2178 2745 2324 2799 inest
2374 2742 2621 2814 quaedam
2666 2744 2751 2798 vis
2797 2743 3023 2812 spiritus
3064 2741 3231 2797 aDeo
3277 2742 3387 2795 dati
3433 2758 3497 2797 ex
3561 2742 3749 2807 initio,

2150 2836 2342 2906 -cujus
2379 2850 2543 2905 opere
2581 2836 2805 2890 habitus
2834 2833 3001 2888 futuri
3044 2834 3295 2904 corporis
3322 2873 3335 2892 .
3382 2834 3435 2887 in
3473 2833 3596 2903 ipso
3637 2842 3753 2889 sta-

2178 2927 2276 2981 tim
2310 2926 2518 2981 semine
2550 2923 2774 2978 formari
2806 2925 3000 2994 incipit
3029 2931 3081 2978 et
3111 2940 3208 2994 per
3238 2925 3478 2977 culmum
3508 2925 3753 2993 spicam-

503 3008 915 3078 dispeusatione
956 3011 1071 3066 fieri
1104 3008 1454 3070 Conditoris.
1502 3026 1671 3080 pauca
1717 3009 1965 3082 qumdani
2009 3016 2077 3070 ad
2104 3032 2147 3089 ο
2181 3032 2287 3085 que
2316 3014 2574 3079 restitui;
2617 3012 2922 3085 turgefacto
2965 3012 3165 3068 etenim
3205 3028 3271 3067 ex
3309 3012 3540 3067 humore
3583 3014 3751 3067 semi~

502 3097 762 3155 indicium
791 3108 844 3156 et
871 3101 1255 3156 documentum
1284 3102 1637 3174 providentia:
1671 3119 1784 3159 sua:
1803 3142 1818 3169 ,
1863 3113 2071 3161 mutato

2180 3122 2309 3161 num
2332 3121 2523 3177 grano,
2552 3121 2648 3176 per
2669 3114 2932 3177 angustos
2957 3105 3222 3177 quosdam
3248 3120 3506 3160 venarum
3536 3114 3753 3161 meatus

1751 3305 2117 3367 COTELERII
2158 3305 2386 3365 NOT/E.

500 3510 614 3581 ἐστι
648 3508 888 3561 κάτωθεν
916 3508 1215 3581 νὲπινῑφῳνς
1250 3510 1391 3564 libro
1419 3508 1495 3562 De
1535 3510 1792 3581 profugis,
1832 3526 1884 3581 p.
1923 3511 2027 3566 476
2058 3530 2070 3566 :

498 3579 687 3653 Νεῖλος
722 3580 981 3653 μονονοὺκ
1020 3580 1307 3653 ᾀντίμιμον
1340 3580 1588 3653 obpaon
1607 3579 1848 3653 διῦνίαμιν
1875 3581 2077 3653 ἐπιδεί-

497 3648 731 3703 κνυσθαι
754 3648 955 3706 δοκῶν,
982 3648 1222 3703 κάτωθεν
1248 3651 1357 3704 ἄνω
1388 3648 1516 3705 ὕων.
1550 3650 1615 3702 Ει
1646 3648 1829 3705 Ιίι).ἰιι
1862 3650 1937 3704 De
1969 3653 2075 3705 vita

498 3719 553 3773 Μ
561 3721 688 3781 osis,
706 3734 757 3787 p.
788 3717 930 3790 i382:
964 3719 1362 3790 Θεοπλαστοῦσι
1390 3720 1466 3790 τῷ
1489 3720 1630 3790 λόγῳ
1651 3720 1741 3773 τὸν
1773 3721 1963 3773 Νεῖλον
1986 3724 2076 3774 Ai-

495 3772 735 3871 7§MLoi,
772 3789 848 3850 ὡς
887 3786 1176 3869 ἀντίμιμον
1222 3772 1449 3871 οὐρᾳνοῧ
1486 3772 1744 3858 γεῆὁνότα
1766 3832 1780 3856 ,
1818 3793 2073 3871 καὶπερ..

492 3856 593 3929 τῆς
622 3856 1298 3931 χιὶιροιςειεξινηγοροῦσιν.⁷
1315 3860 1394 3914 Ad
1418 3856 1538 3930 quae
1564 3856 1872 3931 respectum
1905 3856 2070 3916 dubio

493 3926 683 3999 procul
712 3926 786 3981 ab
818 3926 1108 3983 Heliodoro
1137 3931 1191 3983 in
1224 3930 1315 3983 lib.
1351 3946 1405 3984 Ix
1436 3926 1673 4000 quando
1690 3930 1880 3988 scribit
1905 3970 1920 3993 ,
1951 3931 2067 3984 Θεο-

493 3997 790 4051 πλαστοῦσι
822 3998 910 4051 τὸν
944 3999 1131 4051 Νεῖλον
1165 3998 1471 4054 Αἰγύπτιοι.
1507 4000 1601 4053 καὶ
1626 4001 1946 4054 κρειττόνων
1973 4002 2065 4054 τὸν

493 4018 790 4051 πΛαστουσι
822 4018 910 4051 τον
944 4018 1131 4051 ιιειΑον
1165 4018 1471 4067 Αιγυπτιοι,
1507 4018 1601 4053 και
1626 4018 1946 4072 κρειττονων
1973 4018 2064 4054 τον

493 4068 747 4140 μέγιστον
788 4070 1054 4153 ξγουσινι
1088 4069 1375 4157 excitatum:
1421 4069 1646 4157 οὐρανοῦ
1686 4070 1796 4157 τον.
1824 4071 2064 4157 ποταμὸν

493 4089 747 4140 μεγιστον
788 4089 1054 4153 αγουσινι
1088 4089 1375 4193 αντιέιμον
1421 4089 1646 4157 ουρανου
1686 4089 1777 4123 τον
1824 4089 2064 4140 ποταμον

491 4139 975 4209 σεμνηγοροῦντες,
998 4155 1084 4210 οια
1115 4140 1177 4210 δὴ
1242 4141 1329 4209 ίχα
1357 4156 1648 4210 νεφωσεων
1663 4141 1753 4193 καὶ
1775 4141 1941 4193 ὑετῶν
1970 4142 2064 4210 ἀε-

492 4157 975 4209 σεμνηγορουντες,
998 4157 1084 4192 οια
1115 4157 1177 4210 οη
1209 4157 1329 4209 οιχα
1357 4158 1415 4194 νε
1508 4157 1642 4192 σεων
1663 4157 1753 4193 και
1775 4157 1941 4193 υετων
1970 4157 2060 4193 αε-

492 4210 622 4283 ρίων
652 4211 763 4283 ﬁt?
805 4208 1110 4283 ἀρριξμένην
1139 4210 1319 4283 αὐτοῖς
1352 4157 1600 4283 eam“:
1632 4208 1744 4283 [εις
1772 4211 1997 4283 ἄρξοντα
2019 4209 2060 4282 1,

489 4278 695 4351 και-εἰς
723 4278 947 4351 ἔτοςίᾲει
976 4278 1334 4351 τετᾲγμένως-
1352 4279 1370 4351 [
1391 4278 1465 4332 al.
1499 4278 1863 4351 τεταῖίμένον]
1894 4278 2063 4351 ὲπομῖ-

2171 3510 2493 3583 ipsumipsis
2516 3512 2744 3583 prwbeat
2777 3510 3063 3583 imitationi
3085 3510 3322 3571 illorum,
3352 3519 3402 3583 et
3430 3508 3748 3579 redemptio.

2173 3598 2290 3634 nem
2323 3580 2539 3636 illorum
2566 3592 2876 3637 consecutus
2902 3590 2998 3635 est.
3030 3580 3202 3645 Quem
3234 3596 3334 3650 ego
3378 3580 3559 3633 locum
3587 3586 3747 3640 aliter

2173 3652 2322 3706 soleo
2372 3652 2583 3723 legere,
2618 3654 2683 3707 ad
2733 3653 2876 3705 hunc
2921 3652 3189 3723 modum:
3225 3650 3286 3705 Si
3328 3659 3502 3723 autem
3549 3654 3746 3723 aliquis

2169 3723 2324 3801 quasi
2338 3722 2725 3801 praoun‘z‘ovum
2743 3722 2962 3801 editum,
2989 3722 3322 3801 semetipsum.
3346 3722 3472 3801 ipsis
3485 3722 3742 3801 prwbeat,

2170 3790 2463 3845 iniliatim“
2506 3794 2721 3847 illorum
2752 3808 2769 3845 :
2798 3792 2966 3844 κακὸν
3000 3792 3123 3857 ὠὸν,
3157 3792 3311 3859 juxta
3341 3790 3595 3859 adagium
3646 3812 3743 3848 κα-

2170 3860 2267 3934 κοῦ
2302 3863 2535 3934 κόρακος
2567 3863 2734 3917 κακὸν
2766 3862 2888 3934 ᾠόν.
2940 3860 3092 3934 Mali
3129 3864 3284 3934 corvi?
3317 3862 3518 3934 malum
3564 3880 3741 3919 ovum.

2173 3929 2509 4001 Epiphanius
2540 3933 2732 3988 haeresi
2760 3932 2852 3993 26,
2885 3948 3035 3986 num.
3074 3932 3096 3985 1
3138 3931 3210 3985 De
3249 3931 3435 4001 iisdem
3475 3930 3742 3987 lia'reticis

2170 4000 2238 4072 de
2272 4003 2473 4071 quibus
2500 4002 2757 4065 lreuazus,
2787 4002 2895 4055 ἀπὸ
2924 4001 3186 4054 Νικολάου
3208 4002 3283 4064 ὡς
3301 4000 3407 4072 ἀπὸ
3427 4001 3609 4072 οὐρίου
3633 4004 3741 4058 ὼοῦ

2168 4070 2623 4144 ᾇφεὼςλσκορπίοι
2656 4073 2688 4144 ἢ
2724 4072 2783 4137 ἐξ
2810 4072 3044 4125 ἀσπίδων
3072 4070 3472 4144 γεγεννημένοι.
3574 4071 3742 4127 Nico-

2169 4140 2256 4214 lao
2288 4142 2425 4195 velut
2454 4140 2802 4198 subventaneo
2825 4145 3077 4209 serpentis
3103 4159 3194 4195 ovo
3222 4140 3435 4209 scorpii,
3462 4142 3570 4195 sive
3590 4145 3743 4214 aspi-

2166 4211 2318 4265 dibus
2338 4215 2599 4283 prognati.

2239 4283 2350 4354 (>70)
2378 4280 2629 4354 peltatas.
2656 4281 2937 4354 Videbat.
2968 4282 3035 4335 ad
3053 4281 3110 4338 S.
3130 4280 3388 4335 Barnaba:
3418 4284 3738 4353 epistolam,

490 4347 763 4429 ὁρίζοντος
797 4347 891 4429 [al
920 4347 1952 4429 saepﬁpiCovtalfinsignisquoque—est
1984 4347 2063 4429 lo-

2175 4365 2215 4405 c.
2367 4352 2519 4429 Patr.
2542 4352 2635 4408 Gr.
2688 4361 2737 4429 ιε
2770 4352 2833 4407 ll.
2867 4351 3025 4429 Eutr.

488 4434 586 4471 cus
633 4417 878 4487 Gregorii
922 4417 1247 4473 Naiianzeni
1297 4417 1435 4474 orat.
1471 4420 1561 4482 ει,
1610 4417 1664 4472 in
1709 4417 1827 4488 ipso
1875 4422 2055 4475 statim

487 4488 714 4560 exordio
752 4508 764 4541 :
802 4489 1051 4560 Ποταμὸς
1082 4490 1146 4560 ἐκ
1178 4489 1294 4560 γῆςᾷ
1313 4489 1420 4543 ὕων
1452 4490 1545 4543 καὶ
1578 4489 1879 4557 πελαγίζων
1914 4490 2054 4560 ὅρια,

488 4558 561 4611 ita
608 4558 1021 4628 antiquissimus
1049 4559 1217 4613 codex
1268 4558 1464 4628 Regius
1498 4560 1620 4621 155,
1655 4574 1790 4628 cumi
1823 4558 2056 4628 aliidsex

488 4628 734 4695 ejusdem
782 4627 1127 4699 Bibliotheca
1172 4627 1407 4699 habeant
1436 4629 1593 4699 ὥρια.
1625 4629 1727 4682 Adi
1758 4627 2059 4683 Theodori-

488 4709 602 4767 tum
638 4706 830 4767 quaest.
866 4697 932 4751 19
956 4698 1009 4750 in
1035 4698 1302 4753 Exodum.

719 4766 784 4820 Ut
807 4782 897 4834 per
924 4784 980 4820 os
992 4770 1291 4839 _conciperet
1323 4786 1526 4829 corvus,
1557 4778 1606 4823 et
1626 4783 1718 4837 per
1745 4785 1925 4823 aurem
1950 4786 2057 4823 mu-

489 4836 625 4890 stela
654 4836 943 4907 generaret.
992 4836 1159 4909 Licet
1188 4840 1291 4893 ista
1322 4840 1482 4894 lectio
1522 4840 1837 4894 confirmari
1881 4841 2057 4909 possit

486 4923 584 4980 per
619 4924 696 4980 ea_
738 4923 858 4980 qtta’,
886 4910 941 4980 in
974 4907 1268 4980 Aristotele
1296 4926 1353 4963 ιιι
1379 4909 1463 4980 De
1484 4909 1815 4980 generatione
1848 4907 2057 4964 anima-

486 4979 638 5053 tium.
671 4977 725 5037 6,
759 4977 957 5053 Plinio.
992 4978 1084 5053 l_ib.
1114 4994 1302 5053 x,cap.
1332 4979 1430 5045 1‘2;
1462 4977 1514 5034 et
1530 4979 1762 5053 Martiali
1780 4981 2057 5053 Epigram-

486 5052 690 5095 "talum
726 5064 833 5119 xiv,
862 5047 949 5111 74,
978 5050 1045 5103 de
1070 5063 1235 5119 corvo
1265 5050 1515 5119 leguntur
1549 5069 1563 5103 :
1590 5049 1717 5116 quia
1749 5047 1927 5104 tamen
1950 5066 2052 5105 vox

477 5118 857 5189 corpusabest
893 5132 924 5171 a
952 5133 1043 5173 sex
1073 5118 1226 5189 libris
1248 5118 1391 5173 mss.
1423 5136 1561 5189 quos
1590 5135 1713 5172 cum
1737 5119 1897 5174 editis
1924 5136 2057 5174 con-

483 5187 605 5251 tuli,
641 5186 854 5241 vidctur
878 5190 1167 5257 scripsrsse
1196 5186 1479 5244 Rufinus}
1512 5189 1578 5244 Ut
1614 5205 1705 5259 per
1726 5206 1782 5243 os
1814 5190 2053 5259 concipe—

482 5266 590 5330 ret,
618 5266 668 5310 et
682 5272 785 5330 _p_er
814 5275 995 5312 aurem
1025 5259 1247 5330 mustela
1276 5271 1582 5329 generaret;
1622 5273 1730 5330 qua
1774 5259 1841 5314 de
1871 5260 2054 5314 fabula

482 5327 595 5380 dixi
629 5328 695 5381 ad
725 5326 1049 5382 Barnabam.
1085 5328 1191 5384 Sed
1221 5326 1353 5383 nihil
1384 5331 1610 5384 allirmo.

581 5397 677 5518 69g
715 5396 825 5452 Ova
854 5398 928 5452 vel
957 5410 1101 5453 vento
1134 5400 1209 5453 vel
1235 5400 1441 5468 pulvere
1471 5409 1736 5469 concepta.
1755 5398 2050 5471 ’Ᾱνεμιαία,

588 5466 646 5518 ui
682 5484 755 5518 ια.
787 5469 1097 5518 ὑπτινέιιια.
1134 5470 1381 5518 (eadem-
1416 5469 1571 5518 οὔρια
1605 5477 1657 5518 et
1692 5470 1893 5518 οὕοινα-
1933 5487 2050 5518 nen-

483 5466 760 5542 dvspiSta,
787 5469 1066 5540 ὑπηνέμια
1085 5511 1098 5534 ,
1134 5466 1381 5540 ζεφῦρια,
1401 5469 1571 5542 οὔρια
1605 5466 1668 5542 et
1692 5466 1894 5542 oﬁptva,
1933 5487 2054 5524 ven-

486 5544 624 5597 tosa,
677 5538 1050 5612 subirentanea,
1100 5538 1359 5612 urina—et
1384 5538 1592 5612 inania.
1631 5539 1695 5612 Ut
1748 5538 2055 5612 intelligunt

486 5618 705 5669 paruum
737 5624 884 5661 ovum
917 5610 969 5663 in
1002 5610 1086 5663 his
1120 5610 1176 5663 S.
1210 5608 1394 5664 lrenmi
1426 5612 1604 5666 verbis
1636 5611 1730 5664 lib.
1764 5626 1844 5670 Ill,
1871 5608 2047 5665 cfis:

489 5671 547 5725 Si
577 5686 749 5730 autem
784 5680 975 5748 aliquis
998 5680 1149 5748 quasi
1175 5695 1392 5748 parvum
1417 5697 1565 5735 ovum
1595 5680 1828 5735 deditum
1849 5684 2024 5750 {semet

2238 4421 2381 4494 (7l)‘
2405 4422 2581 4492 Vespa:
2611 4421 2820 4494 quidem
2848 4423 3070 4491 equinis.
3122 4422 3212 4477 Sic
3239 4422 3422 4494 vu_lgo_.
3445 4491 3453 4494 _
3475 4421 3583 4477 Sed
3619 4432 3742 4478 tur-

2157 4489 2291 4565 bant
2334 4489 2593 4565 Servius
2622 4489 2694 4546 'ad
2728 4489 3012 4565 Georgicon
3038 4508 3110 4559 IV,
3133 4501 3186 4548 et
3214 4510 3228 4547 ι
3256 4489 3539 4565 fEneidos,
3570 4503 3744 4565 atque

2168 4557 2425 4633 Isidorus
2448 4563 2723 4633 Originum
2756 4557 3023 4633 libfxtet
3052 4557 3150 4625 xit,
3189 4578 3308 4631 cap.
3348 4563 3446 4616 ult.

2228 4631 2339 4704 (72)
2382 4631 2480 4704 Exi
2515 4631 2639 4702 [imo
2665 4634 2865 4704 “boum.
2918 4632 3119 4687 Eadem
3158 4643 3239 4689 est
3285 4635 3555 4687 sententia
3603 4637 3740 4691 ﬂori

2155 4698 2422 4773 Apollinis
2472 4698 2565 4758 ιιι).
2599 4719 2613 4756 ι
2648 4702 3009 4773 Hierogtyph.,
3060 4718 3181 4773 cap.
3218 4704 3303 4771 10,
3338 4713 3500 4773 atque
3530 4704 3741 4759 Eusta-

2155 4771 2253 4843 thii
2283 4774 2335 4825 in
2355 4773 2733 4836 Hexaemeron,
2750 4771 2904 4843 p.44.
2925 4774 3027 4827 Alii
3051 4771 3451 4828 scaralneorum
3478 4790 3577 4829 seu
3605 4793 3634 4831 ε
3652 4792 3743 4830 m-

2155 4842 2435 4897 tharorum
2483 4854 2661 4897 ortum
2706 4847 2771 4897 ad
2820 4845 2958 4900 asini
2994 4855 3209 4900 stercus
3245 4853 3299 4898 et
3326 4843 3563 4900 cadaver
3592 4848 3742 4902 refe-

2154 4919 2315 4986 runt;
2345 4912 2487 4986 unde
2534 4922 2604 4986 et,
2636 4914 2903 4986 κάνθαρον
2935 4915 3040 4967 ἀπὸ
3074 4915 3165 4986 rei")
3200 4914 3477 4976 κάνθωνος.
3521 4915 3737 4970 dictum

2156 4983 2362 5054 volunt.
2398 4983 2693 5037 Conciliari
2737 4983 2916 5038 tamen
2970 4986 3023 5038 in
3069 4984 3195 5037 fimo
3224 4992 3476 5054 possunt,
3508 5002 3574 5040 ex
3610 4989 3741 5040 Ari-

2155 5053 2351 5124 stotele
2385 5053 2479 5107 lib.
2516 5070 2547 5106 ν
2582 5054 2654 5107 De
2683 5054 3261 5115 historia'animalium,
3293 5070 3414 5124 cap.
3444 5055 3529 5117 l9,
3548 5058 3645 5111 ubi
3671 5059 3739 5112 de

2157 5122 2507 5193 μηλολόνθτιις
2539 5134 2592 5178 et
2618 5124 2925 5195 κανθάροις.
2959 5124 3164 5178 Omitto
3196 5122 3575 5194 llispalensem
3637 5127 3709 5181 lsi

2153 5193 2371 5263 dorum,
2404 5194 2494 5263 qui
2543 5196 2839 5248 crabrones
2873 5208 2995 5247 cum
3037 5196 3328 5249 scarabaeis
3358 5194 3576 5250 videtur
3604 5214 3741 5251 oon.

2155 5261 2381 5317 fudissc.
2416 5261 2569 5333 Apud
2607 5263 2663 5318 S.
2691 5264 3050 5332 Augustinum
3080 5280 3200 5333 cap.
3234 5265 3262 5317 7
3287 5266 3405 5319 libri
3438 5267 3600 5333 primi
3631 5267 3738 5319 Re-

2154 5335 2554 5404 tractationum,
2587 5349 2616 5386 a
2650 5336 2833 5387 multis
2865 5343 3137 5388 stercorea
3166 5335 3279 5389 haec
3313 5335 3465 5404 origo
3495 5349 3736 5392 vocatur

2154 5402 2208 5455 in
2238 5403 2487 5463 dubium,
2512 5420 2540 5455 a
2565 5405 2749 5458 multis
2779 5405 3082 5473 ignoratur.

2223 5473 2335 5547 (7.3)
2410 5473 2482 5547 I_)_e
2531 5475 2696 5547 ocitao
2724 5473 3293 5547 _scorpius._'l‘raditur
3326 5490 3543 5547 quoque
3576 5479 3730 5547 apud

2152 5538 2399 5617 Plinium
2414 5542 2695 5617 Naturalis
2710 5538 2948 5617 ιιδιρέιω
2979 5545 3071 5617 ιιι).
3106 5562 3197 5607 xx,
3218 5538 3356 5617 cap:
3388 5538 3473 5601 ti'.
3509 5538 3633 5601 Moi
3660 5551 3732 5602 de

2154 5613 2434 5690 asparagis
2468 5614 2676 5680 (codex
2709 5612 2909 5690 Regius
2938 5616 3174 5684 asfaragi
3203 5612 3537 5690 ᾁσςρἁραγοι)
3606 5620 3733 5688 lege

2153 5680 2294 5739 idem
2326 5698 2578 5753 maguum
2610 5699 2747 5752 opus
2779 5680 2870 5738 lib.
2900 5680 3013 5751 xxx,
3048 5680 3168 5756 cap.
3202 5688 3251 5741 8.
