4036 6252
382 379 514 438 1383

1559 381 1598 433 8
1610 377 2072 435 ECOGNITIONU
2083 379 2129 432 Μ
2170 379 2296 435 LIB.
2338 381 2473 439 VIII.

3495 389 3517 442 1
3531 389 3630 444 .586

378 499 458 551 vis
489 498 579 551 illa
611 496 868 567 spiritus,
903 511 1023 565 quae
1054 495 1236 550 inesse
1269 498 1427 566 aquis
1457 495 1583 549 data
1611 502 1728 563 est,
1763 501 1950 565 utpote
1977 496 2026 556 Δ
2052 511 2216 567 opere
2242 506 2443 552 cuncta
2467 497 2605 554 eﬁici
2631 506 2686 552 et
2708 499 2964 554 universa
2993 513 3270 559 ctnstare.
3305 502 3411 559 Sed
3443 507 3624 559 venia~
3706 498 3707 501 “

377 587 697 657 incorporea
732 594 1155 649 transcurrens,
1192 586 1261 639 ad
1301 588 1696 641 incrementum
1740 586 1951 641 semina

375 679 611 733 suscitat
639 685 692 732 et
718 678 1084 733 crescentium
1117 681 1332 750 species
1366 680 1585 734 format.
1645 680 1950 734 Ministerio

373 770 544 841 igitur
597 770 807 824 humidi
859 772 1151 836 elementi,
1207 774 1295 827 cui
1346 773 1528 828 vitalis
1586 773 1676 828 ille
1721 775 1949 843 spiritus

374 862 573 916 insitus
625 876 841 931 semper
876 873 931 917 et
964 864 1245 933 ingenitus
1291 873 1409 928 est,
1455 864 1697 919 efﬁcitur
1740 873 1799 919 ut
1838 881 1948 920 non

372 954 549 1008 solum
601 964 918 1025 reparetur,
970 956 1066 1011 sed
1114 965 1174 1011 ut
1218 974 1313 1028 per
1357 959 1541 1013 omnia
1579 958 1778 1014 similis
1819 976 1947 1030 spe-

370 1046 487 1101 cies
520 1054 575 1101 ct
611 1046 785 1103 forma
823 1050 911 1106 his
945 1067 1067 1122 quae
1090 1053 1239 1122 jacta
1282 1053 1483 1108 fuerint
1511 1053 1811 1110 seminibus
1832 1050 1957 1109 red-

363 1147 472 1192 eat.
556 1140 689 1207 Quze
730 1145 869 1200 ratio
911 1146 1001 1201 cui
1043 1148 1128 1202 vel
1170 1147 1389 1202 brevem
1431 1163 1653 1202 sensum
1694 1151 1942 1215 habenti,

367 1246 464 1301 per
507 1233 939 1292 irrationabilem
982 1248 1267 1303 naturam,
1312 1247 1367 1294 et
1411 1256 1519 1293 non
1567 1256 1663 1310 per
1705 1241 1943 1296 divinam

367 1328 690 1397 sapientiam
723 1337 982 1387 constare
1018 1330 1326 1387 videbitur?
1362 1332 1602 1402 Denique
1627 1333 1790 1386 etiam
1833 1334 1946 1388 htec

366 1415 435 1469 ad
459 1416 878 1474 similitudinem
904 1420 1157 1476 humana:
1180 1423 1483 1478 nativitatis
1519 1422 1751 1479 formata
1775 1433 1939 1492 sunt;

366 1506 585 1562 videtur
628 1509 773 1563 enim
820 1517 972 1565 terra
1019 1512 1194 1565 vulvae
1236 1512 1416 1567 locum
1453 1520 1677 1579 tenere,
1725 1515 1815 1569 cui
1859 1530 1945 1579 se-

365 1615 488 1654 men
553 1601 817 1671 injectum
877 1617 974 1674 per
1026 1618 1183 1675 aqum
1221 1612 1275 1659 et
1318 1606 1549 1675 spiritus
1598 1608 1744 1674 vim,
1802 1610 1945 1665 sicut

366 1703 532 1759 supra
575 1690 847 1755 diximus,
889 1698 945 1746 et
986 1690 1255 1746 formatur
1291 1700 1347 1747 et
1384 1693 1568 1749 alitur.

434 1779 646 1837 XXVII.
679 1780 785 1837 Sed
807 1791 859 1838 et
885 1784 938 1837 in
970 1783 1072 1837 hoc
1095 1786 1411 1840 admiranda
1443 1795 1527 1842 est
1548 1786 1729 1842 divina
1750 1786 1945 1843 Provi-

363 1870 578 1937 dentia,
609 1874 755 1944 quod
804 1876 989 1931 videre
1014 1892 1114 1931 nos
1146 1878 1366 1947 quidem
1395 1886 1447 1933 et
1486 1895 1783 1951 agnoscere
1814 1882 1943 1935 facit

359 1979 483 2034 quae
532 1964 703 2032 ﬁunt,
736 1983 846 2036 quo
891 1968 1051 2022 modo
1094 1978 1275 2025 autem
1313 1979 1367 2024 et
1407 1972 1642 2041 qualiter
1690 1971 1853 2037 fiant,
1889 1976 1941 2027 in

362 2065 576 2112 secreto
612 2058 793 2128 posuit
823 2068 875 2113 et
899 2062 1115 2116 occulto
1135 2103 1149 2127 ,
1180 2072 1235 2115 ut
1262 2079 1368 2117 non
1414 2064 1652 2135 indignis
1686 2066 1752 2120 ad
1782 2067 1930 2137 agni-

361 2149 566 2205 tionem
597 2151 947 2221 subjaceant,
979 2154 1073 2208 sed
1100 2156 1281 2225 dignis
1304 2166 1358 2210 et
1388 2156 1639 2213 ﬁdelibus
1673 2174 1796 2212 cum
1830 2177 1944 2214 me-

361 2242 608 2309 ruerint,
641 2245 922 2315 pateﬁant.
950 2246 1018 2301 Ut
1042 2257 1225 2303 autem
1251 2251 1412 2306 rebus
1432 2251 1566 2321 ipsis
1597 2260 1651 2307 et
1679 2254 1943 2323 exemplis

358 2336 681 2405 probemus,
707 2338 842 2392 nihil
866 2341 1090 2394 omnino
1114 2357 1179 2395 ex
1205 2351 1419 2397 terrena
1451 2344 1751 2399 substantia
1774 2346 1943 2401 semi-

356 2429 523 2484 nibus
547 2429 687 2493 dari,
718 2430 812 2486 sed
840 2439 1014 2485 totum
1045 2447 1109 2486 ex
1147 2434 1418 2487 elemento
1454 2451 1608 2505 aquae
1636 2444 1689 2488 et
1715 2438 1942 2505 spiritus

351 2518 453 2589 qui
488 2519 630 2574 inest
653 2520 702 2574 ei
733 2520 937 2575 virtute
961 2531 1239 2582 constare,
1266 2538 1407 2591 pone
1433 2524 1563 2576 mihi
1589 2524 1738 2579 verbi
1767 2527 1942 2594 gratia

351 2613 413 2665 in
457 2619 672 2667 cratere
720 2613 906 2683 aliquo
956 2614 1312 2683 amplissimae
1356 2616 1748 2684 magnitudinis
1790 2616 1941 2686 injici

349 2716 518 2758 terrae
548 2706 752 2760 talenta
783 2714 1039 2770 centum,
1073 2717 1126 2761 et
1152 2707 1495 2762 seminentur
1528 2711 1583 2764 in
1613 2725 1679 2764 eo
1710 2710 1942 2765 diversa:

354 2801 577 2870 species
606 2801 876 2855 seminum
902 2801 986 2855 vel
1012 2801 1221 2856 olerum
1254 2803 1334 2856 vel
1360 2803 1522 2856 etiam
1556 2804 1937 2873 virgultorum,

350 2892 443 2946 his
486 2893 792 2960 praebeatur
821 2893 886 2946 ad
916 2893 1203 2963 rigandum
1249 2911 1389 2964 aqua
1427 2895 1732 2961 suﬁiciens,
1764 2905 1818 2953 ct
1844 2914 1941 2968 per

348 2998 534 3037 annos
568 2984 748 3053 plures
772 2985 1035 3039 habeatur
1064 2988 1166 3041 ista
1202 2987 1506 3057 diligentia,
1541 2999 1941 3060 congregentur

348 3081 544 3129 autem
597 3075 803 3128 semina
850 3091 971 3144 qua:
1012 3079 1241 3131 collecta
1288 3078 1521 3143 fuerint,
1568 3081 1719 3135 verbi
1764 3081 1937 3152 gratia

2052 604 2176 644 mus
2224 590 2437 655 adhuc,
2473 593 2519 645 si
2563 592 2813 657 videtur,
2842 593 3007 648 etiam
3045 595 3113 648 ad
3161 604 3436 659 nostram,
3462 597 3516 651 id
3544 605 3629 653 est

2050 682 2116 735 ad
2162 681 2398 737 hominis
2448 684 2849 749 substantiam,
2897 687 2989 756 qui
3034 697 3118 742 est
3162 704 3368 759 parvus
3415 689 3469 743 in
3515 689 3626 743 alio

2048 771 2288 826 mundus
2332 771 2482 843 (74),
2515 779 2571 827 et
2599 773 3011 831 consideremus
3058 786 3261 847 quanta
3299 782 3369 834 sit
3412 780 3626 834 ratione

2046 869 2419 933 compositus;
2462 871 2516 917 et
2545 877 2610 917 ex
2653 863 2759 919 hoc
2806 867 3078 937 praecipue
3116 870 3441 939 sapientiam
3475 872 3623 926 Con-

2046 951 2244 1008 ditoris
2294 952 2599 1023 intelliges,
2632 954 2725 1024 qui
2757 969 2881 1009 cum
2915 972 2978 1011 ex
3018 956 3252 1013 diversis
3299 960 3625 1016 substantiis

2046 1051 2286 1105 constet.
2315 1045 2369 1098 id
2404 1054 2491 1100 est
2522 1045 2742 1100 mortali
2778 1055 2831 1101 et
2861 1047 3188 1115 immortali,
3223 1065 3319 1120 per
3356 1051 3621 1107 artiﬁcem

2044 1135 2442 1205 providentiam
2480 1136 2793 1193 Conditoris
2837 1140 3159 1196 societatem
3191 1142 3484 1199 diversitas
3510 1159 3621 1199 non

2044 1228 2329 1299 refugit,et
2350 1229 2570 1299 quidem
2589 1232 2749 1302 longe
2779 1247 2808 1286 a
2835 1248 2894 1287 se
2915 1234 3235 1291 substantiis
3262 1235 3385 1279 ⁸⁶ο⁸⁷
3405 1236 3622 1308 [alienis

2043 1329 2100 1374 et
2128 1321 2407 1394 diversis].
2436 1323 2558 1377 Alia
2600 1340 2838 1395 namque
2874 1324 2942 1380 de
2983 1333 3131 1381 terra
3173 1330 3477 1384 assumitur
3511 1338 3565 1383 et
3592 1345 3622 1383 a

2034 1407 2331 1469 Conditore
2357 1414 2647 1481 formatur,
2680 1417 2787 1471 alia
2811 1433 2942 1473 vero
2963 1434 3029 1473 ex
3061 1418 3460 1477 immortalibus
3491 1423 3623 1478 sub-

2045 1507 2269 1562 stantiis
2307 1507 2473 1562 datur
2492 1548 2507 1573 ,
2541 1523 2642 1563 nec
2664 1517 2848 1565 tamen
2877 1511 2928 1565 ei
2959 1526 3054 1581 per
3082 1512 3461 1582 hujuscemodi
3491 1532 3625 1571 con-

2039 1598 2383 1668 junctionem
2432 1600 2611 1655 honor
2646 1600 3079 1660 immortalitatis
3128 1604 3480 1677 infringitur,
3520 1624 3622 1663 nec

2045 1696 2105 1742 ut
2131 1689 2460 1759 quibusdam
2488 1690 2703 1747 videtur
2733 1691 2823 1765 [ex
2849 1693 3161 1750 rationabili
3190 1702 3246 1750 et
3272 1697 3615 1768 concupisci-

2047 1782 2141 1837 bili
2166 1790 2221 1837 et
2238 1784 2505 1840 irascibili
2524 1784 2797 1849 subsistit,
2822 1786 2919 1842 sed
2968 1784 3143 1856 magis
3179 1788 3363 1844 inesse
3395 1790 3445 1844 ei
3485 1791 3620 1846 tales

2048 1874 2269 1944 quidam
2289 1877 2563 1951 videntur]
2584 1877 2835 1942 aﬂ'ectus,
2850 1880 3051 1950 quibus
3068 1880 3134 1934 ad
3152 1882 3267 1936 haec
3285 1881 3497 1952 singula
3513 1899 3625 1938 mo-

2047 1966 2160 2020 veri
2196 1966 2389 2035 possit.
2413 1966 2547 2021 Nam
2569 1983 2772 2039 corpus
2792 1969 2938 2039 quod
2959 1985 3023 2025 ex
3046 1970 3266 2026 ossibus
3285 1979 3340 2025 et
3362 1972 3619 2026 carnibus

2045 2066 2293 2121 constat,
2326 2059 2542 2113 initium
2577 2061 2747 2115 sumit
2773 2075 2840 2116 ex
2871 2062 3081 2117 semine
3108 2062 3244 2128 viri,
3274 2064 3416 2133 quod
3447 2079 3478 2118 e
3506 2080 3620 2119 me-

2042 2148 2209 2205 dullis
2240 2152 2392 2206 calor
2434 2148 2661 2207 eiiciens
2690 2153 2864 2209 vulva
2904 2154 3061 2223 quasi
3106 2162 3265 2210 terra:
3303 2156 3617 2227 consignat,

2042 2243 2129 2296 cui
2155 2243 2427 2299 inhaerens
2456 2261 2525 2300 ex
2555 2244 2707 2301 fonte
2736 2248 3020 2317 sanguinis
3056 2248 3317 2318 paulatim
3346 2248 3579 2318 rigatqu
3599 2284 3619 2310 ,

2046 2334 2098 2387 in
2128 2350 2350 2391 carnem
2386 2345 2440 2390 et
2461 2351 2587 2391 ossa
2612 2337 2962 2407 producitur,
2993 2350 3155 2409 atque
3184 2339 3240 2394 in
3264 2340 3501 2409 speciem
3528 2354 3620 2393 au-

2042 2427 2214 2481 ctoris
2238 2426 2369 2493 jacti
2404 2428 2634 2483 seminis
2664 2427 3018 2485 reformatur.

2113 2516 2303 2572 XXIX.
2342 2517 2408 2571 Et
2444 2517 2569 2573 vide
2600 2517 2655 2572 in
2699 2518 2804 2573 hoc
2832 2517 3074 2575 Artiﬁcis
3120 2534 3259 2591 epus
3300 2520 3452 2588 (75),
3480 2537 3620 2590 quo-

2042 2611 2203 2665 modo
2248 2627 2374 2667 ossa
2415 2611 2565 2665 velut
2604 2611 2891 2667 columnas
2926 2612 3223 2683 quasdam,
3250 2613 3453 2684 quibus
3489 2628 3619 2667 caro

2040 2713 2384 2761 sustentetur
2404 2719 2468 2762 ac
2492 2714 2762 2777 portetur,
2779 2705 3027 2761 inseruit.
3050 2703 3189 2758 Tum
3213 2704 3412 2760 deinde
3435 2720 3618 2775 aequa-

2042 2799 2107 2854 lis
2138 2815 2204 2853 ex
2238 2808 2471 2868 utraque
2491 2807 2645 2868 parte
2666 2837 2682 2861 ,
2717 2798 2773 2851 id
2800 2805 2888 2852 est
2926 2795 3151 2851 dextera
3180 2804 3235 2852 et
3271 2797 3402 2853 lava
3422 2837 3437 2862 ,
3463 2813 3617 2853 mel—

2039 2905 2165 2945 sura
2194 2899 2460 2955 servetur,
2496 2900 2554 2944 ut
2582 2901 2851 2960 congruat
2881 2905 2977 2960 pes
3009 2888 3159 2960 pedi,
3185 2897 3240 2945 et
3269 2905 3466 2944 manus
3497 2905 3618 2943 ma-

2038 2982 2171 3045 nui,
2206 2981 2359 3050 digiti
2405 2996 2623 3051 quoque
2662 2980 2851 3050 digitis
2873 3020 2890 3042 ,
2920 2990 2982 3035 ut
3020 2980 3220 3051 singuli
3266 2979 3335 3034 ad
3370 2980 3616 3049 singulos

2038 3082 2149 3128 tota
2183 3074 2493 3144 aequalitate
2523 3074 2896 3140 concordent;
2923 3074 3015 3128 sed
3047 3081 3102 3128 et
3129 3072 3325 3128 oculus
3345 3075 3529 3136 oculo,
3560 3082 3609 3127 et

348 3166 619 3222 frumenti
653 3168 734 3222 vel
770 3167 961 3222 hordei
992 3169 1330 3240 aliarumque
1360 3173 1662 3240 specierum
1696 3189 1791 3244 per
1820 3175 1935 3228 sin-
1956 3186 2007 3249 α
2038 3166 2190 3221 auris
2217 3167 2367 3228 auri.
2407 3181 2528 3236 quae
2550 3181 2659 3220 non
2689 3166 2865 3222 solum
2906 3180 3148 3221 consona
3179 3166 3282 3221 sibi
3312 3174 3365 3220 el
3387 3181 3614 3221 concor-

342 3259 513 3330 gulos
557 3274 730 3313 annos
763 3259 1024 3323 seorsim,
1066 3260 1240 3315 donec
1287 3263 1722 3334 uniuscujusque
1768 3266 1936 3319 semi-

342 3352 441 3404 nis
484 3363 713 3403 acervus
749 3348 816 3403 ad
850 3357 1069 3403 centum
1113 3350 1441 3406 talentorum
1485 3355 1697 3423 pondus
1741 3370 1937 3410 ascen-

338 3444 479 3505 dat,
509 3448 624 3495 tum
651 3440 816 3495 etiam
841 3442 1064 3497 arbores
1098 3442 1300 3497 avulsae
1328 3444 1593 3501 radicitus
1622 3448 1937 3516 appendan-

339 3543 448 3591 tur
468 3575 485 3599 ,
513 3540 566 3588 et
598 3533 684 3588 bis
707 3532 964 3588 omnibus
988 3549 1053 3588 ex
1086 3542 1299 3589 cratere
1336 3538 1569 3605 sumptis
1598 3538 1937 3607 appendatur

339 3637 536 3690 terra,
574 3634 793 3680 centum
842 3641 940 3679 sua
984 3625 1343 3681 nihilominus
1392 3628 1594 3682 talenta
1650 3630 1801 3683 salva
1849 3646 1940 3687 re-

339 3720 570 3775 stituet.
606 3716 761 3772 Unde
809 3732 937 3787 ergo
990 3718 1237 3773 dicemus
1282 3733 1444 3773 omne
1498 3719 1632 3773 illud
1684 3723 1933 3791 pondus,

334 3823 686 3878 otnnemque
717 3807 1080 3876 quantitatem
1104 3807 1374 3861 seminum
1401 3807 1742 3864 diversorum
1770 3820 1934 3881 atque

335 3904 615 3957 arborum
645 3900 992 3955 surrexisse?
1018 3915 1200 3954 nonne
1230 3900 1512 3957 evidenter
1533 3914 1779 3974 apparet,
1804 3906 1932 3975 quia

330 4012 404 4049 ex
449 3991 656 4062 aquis?
693 3989 862 4046 Terra
906 3992 1049 4046 enim
1100 3991 1245 4062 quod
1296 4008 1457 4048 suum
1497 4003 1615 4059 est,
1660 3996 1932 4067 integrum

336 4093 504 4143 tenet
527 4124 543 4146 ,
577 4096 718 4153 aqua
742 4098 872 4137 vero
901 4097 1021 4152 quae
1050 4098 1146 4153 per
1177 4085 1387 4154 singula
1418 4086 1617 4155 injecta
1649 4099 1735 4145 est
1756 4131 1771 4155 ,
1796 4108 1934 4148 nus-

331 4190 515 4250 quam
565 4188 792 4245 prorsus
819 4179 938 4235 est,
965 4172 1037 4225 ob
1066 4180 1342 4242 potentem
1376 4176 1574 4232 divinae
1600 4181 1933 4240 conditionis

330 4274 645 4329 virtutem,
677 4281 801 4336 qua:
833 4281 927 4335 per
962 4279 1131 4317 unam
1183 4279 1339 4335 aqua:
1382 4270 1621 4339 speciem
1654 4279 1931 4331 tantorum

327 4360 625 4419 seminum
658 4356 1128 4427 virgultorumque
1154 4364 1207 4412 et
1232 4358 1568 4417 substantias
1602 4374 1855 4434 reparat,
1878 4374 1933 4422 et

327 4453 565 4526 species
622 4448 855 4514 format,
886 4448 1155 4521 et‘genus
1199 4449 1389 4505 fenore
1437 4453 1800 4525 multiplicato
1834 4474 1931 4515 cu-

326 4548 531 4607 stodit.

402 4634 662 4695 XXVIII.
693 4632 770 4687 Ex
805 4632 1004 4704 quibus
1032 4633 1287 4687 omnibus
1313 4633 1448 4690 satis
1478 4636 1801 4712 abundeque
1830 4661 1928 4715 pa-

321 4741 447 4785 tere
480 4733 634 4796 puto
652 4761 666 4787 ,
692 4720 891 4776 artiﬁci
918 4736 1082 4777 sensu
1104 4728 1159 4774 et
1182 4736 1292 4776 non
1320 4722 1681 4784 irrationabili
1716 4742 1925 4793 natura:

2038 3258 2259 3319 dantia.
2293 3258 2388 3314 sed
2429 3267 2483 3313 et
2518 3259 2713 3314 usibus
2753 3258 3083 3314 necessariis
3120 3266 3247 3329 apta
3287 3258 3612 3313 formantur.

2042 3351 2235 3407 Manus
2267 3352 2488 3422 quidem
2535 3360 2594 3406 ut
2644 3352 2797 3422 operi
2837 3351 3137 3407 commodae
3181 3352 3327 3415 sint,
3356 3352 3522 3422 pedes
3556 3360 3623 3406 ut-

2038 3444 2350 3511 gressibus,
2382 3442 2527 3498 oculi
2556 3449 2619 3496 ut
2647 3442 2857 3499 visibus
2906 3445 3146 3499 serviant
3193 3443 3615 3514 superciliorum

2039 3533 2289 3588 excubiis
2312 3533 2595 3597 custoditi,
2614 3548 2775 3589 aures
2803 3535 2870 3589 ad
2901 3534 3233 3590 audiendum
3267 3537 3340 3590 ita
3370 3538 3617 3593 formatae

2038 3633 2094 3678 ut
2128 3625 2380 3696 cymban
2422 3625 2632 3681 similes
2661 3627 2901 3697 suscepti
2934 3628 3083 3683 verbi
3110 3644 3493 3698 repercussum
3518 3646 3614 3687 so-

2038 3716 2210 3769 nitum
2248 3716 2411 3771 altius
2457 3716 2725 3782 reddant,
2764 3728 2819 3773 et
2854 3734 3028 3789 usque
3064 3719 3128 3773 ad
3159 3735 3380 3776 sensum
3430 3723 3614 3777 cordis

2037 3806 2319 3870 emittant,
2354 3807 2537 3879 lingua
2576 3816 2757 3864 autem
2796 3811 2863 3865 ad
2901 3811 3231 3882 loquendum
3263 3812 3403 3870 illisa
3430 3814 3612 3868 denti-

2037 3902 2140 3957 bus
2172 3901 2363 3972 plectri
2395 3902 2588 3957 reddat
2618 3902 2853 3958 ofﬁcium
2874 3943 2889 3967 ,
2922 3904 3025 3974 ipsi
3056 3920 3186 3959 vero
3213 3905 3406 3961 dentes
3429 3907 3523 3961 alii
3554 3916 3613 3961 ut

2038 3994 2281 4049 incidant
2317 4004 2371 4050 et
2401 3995 2651 4050 dividant
2688 3996 2844 4051 cibos
2878 4003 2934 4051 et
2965 3997 3321 4054 interioribus
3359 4000 3610 4061 tradant.

2036 4086 2325 4143 interiores
2345 4104 2474 4142 vero
2496 4096 2556 4142 ut
2577 4089 2632 4142 in
2655 4089 2875 4143 modum
2898 4091 3055 4144 mola
3077 4092 3371 4146 conﬁciant
3387 4101 3442 4147 et
3461 4108 3614 4149 eom-

2036 4179 2306 4244 minuant,
2328 4196 2437 4250 quo
2457 4182 2825 4251 opportunius
2847 4183 3135 4237 stomacho
3154 4183 3340 4237 traditi
3367 4199 3613 4254 coquan-

2025 4283 2154 4337 tur,
2193 4275 2336 4328 unde
2359 4281 2410 4329 et
2443 4275 2680 4331 molares
2702 4274 2959 4346 appellati
2984 4282 3133 4329 sunt.

2107 4364 2275 4421 XXX.
2320 4365 2425 4421 Sed
2463 4375 2519 4421 et
2566 4382 2761 4428 nares.
2807 4368 3151 4423 commeandi
3204 4366 3366 4424 flatus
3406 4375 3461 4422 et
3495 4368 3612 4424 red-

2036 4456 2201 4519 dendi
2234 4475 2297 4513 ac
2332 4458 2629 4529 recipiendi
2670 4459 2847 4529 gratia
2892 4459 3049 4514 facta:
3093 4468 3251 4522 sunt,
3285 4469 3345 4515 ut
3390 4460 3613 4514 innova-

1957 4526 2008 4586 θ
2032 4560 2183 4611 tione
2212 4526 2461 4626 spiritus—
2479 4550 2629 4605 calor
2665 4526 2934 4606 naturalis
2963 4549 3057 4620 qui
3088 4553 3144 4606 in
3172 4550 3339 4606 corde
3376 4560 3495 4615 est,
3528 4553 3609 4604 vel

2033 4649 2257 4705 accendi
2297 4647 2381 4703 vel
2429 4641 2765 4714 refrigerari,
2794 4657 2919 4697 cum
2950 4657 3037 4698 res
3067 4643 3404 4713 poposcerit,
3442 4651 3607 4713 queat

2032 4738 2306 4813 pulmonis
2350 4734 2557 4798 oﬁicio,
2616 4732 2709 4803 qui
2752 4732 2959 4801 pectori
3014 4732 3280 4788 inhaerere
3322 4734 3486 4788 datus
3525 4743 3609 4787 est

396 4865 531 4943 ἐξ-⁸⁷
564 4860 706 4928 Qua:
733 4861 1053 4917 auctoritate
1083 4858 1208 4915 cod.
1230 4857 1607 4920 Parisinorum
1633 4873 2129 4932 vetustissimorum
2159 4877 2213 4933 in
2238 4882 2443 4931 textum
2475 4873 2800 4943 recepimus,
2818 4871 2871 4924 in
2904 4872 3065 4927 uncis
3078 4872 3483 4929 eaincludenda
3512 4888 3609 4927 cu-

323 4938 619 4996 ravimus.

1654 5073 2019 5138 COTELEBII
2059 5080 2294 5139 ΝΟΤᾸῧ.

405 5208 528 5278 (74)
572 5203 783 5258 Parvus
802 5204 854 5256 in
883 5206 993 5278 alia
1019 5203 1449 5278 mundusﬁodex
1474 5204 1925 5277 Candelerianus,

321 5274 505 5351 alius_
534 5289 737 5351 paruus
757 5274 1027 5351 _muudus.
1055 5276 1456 5351 Caqnelitlcus,
1508 5277 1646 5351 alius
1680 5281 1734 5334 in
1769 5274 1929 5351 parvo

321 5341 602 5408 ntuudus.
662 5341 864 5416 Eodem
892 5359 1057 5416 sensu
1092 5364 1103 5398 :
1142 5345 1376 5414 Physici,
1412 5349 1585 5416 inquit
1616 5341 1927 5411 Macrobius

320 5426 426 5479 lib.
468 5432 509 5470 ll
568 5416 646 5492 in.
684 5410 959 5492 Somnium
1004 5410 1261 5492 Scipionis
1305 5432 1424 5492 cap.
1477 5410 1545 5472 I2
1588 5436 1600 5473 :
1645 5410 1928 5492 Mundam,

314 5502 596 5560 maguum
621 5481 905 5560 hominem,
930 5493 979 5536 et
1004 5481 1281 5549 hominem,
1315 5481 1511 5560 brevem
1540 5491 1791 5560 mundum
1818 5481 1929 5550 esse

316 5552 619 5620 dix'erunt.
653 5552 807 5617 Quod
850 5552 932 5606 sic
959 5568 1277 5621 expressum
1322 5568 1406 5613 est
1429 5573 1459 5612 a
1486 5558 1715 5619 Philone
1739 5562 1932 5622 Iudaeo

321 5638 477 5692 libro
547 5624 895 5698 Quis‘rerttm
924 5622 1225 5698 divinarum
1254 5625 1446 5698 fueras,
1478 5645 1531 5698 p.
1565 5632 1670 5688 502
1702 5652 1715 5688 ε
1744 5635 1928 5689 Ἐναλ-

314 5690 656 5776 nimim“,
694 5690 897 5776 βρςχὺν
936 5693 1034 5763 μὲν
1048 5693 1267 5776 ’κόσμιον
1294 5695 1384 5749 τὸν
1418 5690 1722 5776 ᾴνῦρωςιον,
1758 5706 1932 5776 μέγαν

317 5780 380 5835 δὲ
415 5762 961 5841 ἄνθρωπρνέςξασαγ
1014 5762 1104 5815 τὸν
1130 5762 1354 5841 modum;
1400 5762 1557 5824 εἶναί.
1593 5771 1668 5826 De
1712 5762 1932 5831 nomine

318 5833 722 5907 ,‘uicmc'ggmo,
753 5834 946 5888 minori
980 5833 1202 5897 mundo,
1227 5834 1415 5906 κόσμῳ
1451 5842 1696 5912 συντόμῳ
1727 5845 1929 5916 ubique

587 5932 865 5994 Iuv-not.
910 5930 1026 5989 (in.
1085 5929 1133 5989 Ι.

2031 5216 2196 5271 leges.

2082 5232 2215 5355 8($535.)
2256 5284 2324 5356 Et
2352 5284 2466 5338 vide
2506 5285 2561 5356 in
2589 5286 2686 5340 hoc
2714 5286 2955 5356 artiﬁcis
2978 5300 3128 5356 opus,
3160 5292 3272 5345 etc.
3303 5287 3497 5345 Totum
3529 5291 3612 5355 lo-

2031 5372 2156 5427 cum
2176 5354 2960 5427 eoufercumﬁesponsionead
2980 5354 3459 5427 interrogationem
3480 5354 3606 5424 MO.

2028 5427 2084 5481 in
2117 5425 2340 5482 Caesarii
2370 5424 2649 5491 Dialogis':
2683 5441 2784 5481 nec
2817 5425 3096 5481 dubitabis
3136 5424 3383 5485 asserere
3424 5446 3454 5485 a
3491 5432 3610 5487 Cte-

2033 5498 2179 5553 sario
2227 5497 2322 5568 illo
2370 5496 2701 5568 suppilatas
2734 5496 2904 5551 fuisse
2950 5491 3365 5568 ﬁecognitiones.
3430 5501 3607 5559 Minus

2030 5567 2317 5622 commode
2356 5564 2633 5621 Arnobius
2677 5567 2767 5622 lib.
2802 5582 2863 5621 ιιι
2898 5586 2912 5621 :
2948 5564 3096 5622 Nam
3136 5570 3262 5632 quid
3303 5572 3355 5623 in
3400 5570 3608 5629 homine

2033 5637 2313 5708 pulchrum
2336 5647 2438 5701 est,
2460 5636 2609 5706 quid,
2626 5654 2841 5708 ~(riualem.
2868 5635 3204 5699 admirabile.
3224 5639 3303 5695 re!
3337 5641 3604 5703 decorum.

2039 5708 2144 5761 nisi
2170 5707 2308 5786 quod
2339 5716 2388 5760 et
2420 5707 2659 5786 veterino
2678 5710 2695 5778 (
2716 5708 2907 5786 legunt
2951 5708 3157 5786 διμήνῳ
3184 5726 3215 5764 e
3244 5727 3378 5769 "uss.
3406 5713 3604 5786 Regio,

2036 5792 2159 5852 cum
2194 5779 2358 5852 etiam
2387 5778 2552 5833 scribi
2581 5778 2848 5852 potuisset
2876 5781 3123 5848 verrino)
3162 5798 3277 5834 cum
3307 5778 3609 5852 pecore'n»

2038 5849 2146 5903 scio
2176 5850 2291 5919 quis
2320 5858 2506 5902 auctor
2531 5847 2695 5902 noluit
2720 5864 2830 5903 esse
2852 5866 2871 5904 ¢
2887 5855 3160 5907 untmuue‘

3138 5946 3211 6006 ἰώ
