4036 6252
515 312 650 371 1587

508 534 619 590 quo
648 519 864 575 videtur
893 518 1001 571 vita
1030 517 1353 581 consistere,
1388 516 1497 571 vita
1537 515 1662 570 dico
1686 554 1701 579 ,
1730 530 1842 569 non
1876 516 2077 570 anima.

506 609 643 665 Nam
672 610 803 681 quid
826 610 1005 666 dicam
1030 612 1098 667 de
1123 612 1433 668 substantia
1460 610 1746 682 sanguinis
1765 650 1780 675 ,
1813 610 1907 681 qui
1937 611 2085 666 velut

508 704 708 759 fluvius
730 719 797 759 ex
833 702 982 759 fonte
1026 705 1351 775 procedens,
1385 711 1440 759 et
1472 719 1582 759 uno
1626 704 1778 774 prius
1818 703 1972 759 alveo
2001 704 2085 758 in-

508 802 697 850 vectus
726 805 840 850 tum
867 796 1065 851 deinde
1093 812 1190 867 per
1218 796 1536 851 innumeras
1570 811 1737 850 venas
1757 835 1771 860 ,
1802 795 1959 865 quasi
1986 810 2085 865 per

507 900 667 940 areas
722 884 1034 949 derivatus,
1087 893 1258 939 totam
1308 885 1532 940 humani
1582 885 1832 955 corporis
1880 893 2083 941 terram

507 978 769 1033 vitalibus
808 979 949 1048 rigat
988 977 1241 1044 fluentis,
1269 978 1477 1048 jecoris
1506 993 1671 1049 opere
1703 979 2080 1044 ministratus,

507 1069 654 1138 quod
687 1070 756 1124 ad
789 1069 1084 1125 efﬁcaciam
1131 1071 1453 1141 digestionis
1501 1073 1783 1139 ciborum,
1826 1080 1991 1145 atque
2026 1077 2083 1130 in

506 1160 827 1231 sanguinem
876 1161 1258 1217 mutandorum
1292 1162 1347 1216 in
1396 1162 1592 1218 dextro
1631 1164 1801 1220 latere
1821 1164 1989 1233 jacet.
2022 1166 2083 1221 In

509 1254 736 1307 sinistro
775 1268 902 1307 vero
945 1253 1151 1323 splenis
1170 1262 1255 1309 est
1288 1254 1464 1319 locus,
1496 1258 1588 1325 qui
1613 1255 1829 1311 trahere
1850 1255 1918 1310 ad
1942 1271 2002 1312 se
2029 1264 2082 1312 et

510 1359 744 1414 purgare
770 1345 1174 1414 quodammodo
1206 1346 1399 1400 sordes
1431 1347 1719 1417 sanguinis
1747 1349 1942 1417 possit.

579 1436 771 1494 XXXI.
816 1437 1205 1493 Intestinorum
1255 1455 1475 1510 quoque
1523 1440 1664 1494 ratio
1711 1448 1917 1511 quanta
1966 1444 2079 1497 est!

452 1530 455 1533 ’
509 1546 631 1601 quae
656 1530 863 1586 idcirco
890 1531 1069 1602 longis
1116 1531 1349 1587 nexibus
1380 1532 1432 1586 in
1465 1532 1797 1588 circulorum
1829 1532 2082 1588 ordinata

508 1632 638 1679 sunt
689 1622 950 1689 modum,
999 1630 1058 1677 ut
1100 1632 1386 1693 susceptas
1449 1624 1784 1696 digestiones
1833 1626 2081 1681 ciborum

506 1716 769 1786 paulatim
815 1723 1071 1787 egerant,
1117 1732 1226 1787 quo
1271 1733 1448 1785 neque
1491 1718 1560 1772 ad
1601 1704 1861 1773 subitum.
1890 1719 2080 1775 inanes

505 1808 743 1863 efﬁciant
790 1810 972 1873 locos,
1006 1817 1059 1864 et
1087 1809 1172 1863 bis
1212 1809 1307 1879 qui
1354 1810 1692 1880 superadditi
1735 1810 1941 1867 fuerint
1971 1828 2084 1867 non

504 1902 875 1972 impediantur
903 1902 1062 1957 cibis.
1096 1901 1426 1957 Membrana:
1449 1912 1628 1958 autem
1662 1906 1715 1957 in
1744 1904 1967 1959 modum
1997 1906 2084 1960 id-

506 1993 659 2048 circo
705 1992 850 2047 facta
896 2002 1061 2057 sunt,
1094 2000 1151 2046 ut
1181 2009 1247 2047 ex
1292 1993 1428 2063 ipsis
1474 2010 1539 2048 ea
1578 2010 1699 2065 quae
1741 1998 2084 2053 extrinsecus

506 2094 669 2149 sunt,
709 2083 993 2138 humorem
1041 2083 1243 2138 sensim
1276 2085 1614 2154 suscipiant,
1647 2086 1741 2155 qui
1786 2101 1962 2156 neque
1990 2104 2083 2143 su-

505 2179 624 2233 bito
647 2176 855 2233 effusus
880 2176 1192 2259 exinaniret
1220 2178 1454 2242 interna,
1483 2194 1661 2249 neque
1683 2180 1939 2236 densiore
1959 2191 2084 2238 cute

508 2271 855 2343 prohibitus,
906 2271 1059 2325 arida
1109 2286 1229 2340 quae
1267 2272 1610 2327 extrinsecus
1653 2272 1924 2328 habentur
1966 2275 2081 2329 effi-

507 2372 690 2428 ceret,
718 2370 772 2418 et
803 2369 968 2418 totam
992 2363 1234 2419 hominis
1282 2363 1543 2419 fabricam
1590 2365 1711 2422 sitis
1754 2368 2084 2425 necessitate

506 2458 776 2512 turbaret.

576 2549 790 2604 XXXII.
833 2548 1004 2604 Porro
1032 2564 1162 2604 vero
1193 2549 1423 2605 feminea
1454 2553 1674 2622 positio,
1701 2561 1754 2608 et
1786 2555 1959 2611 vulvas
2007 2556 2085 2612 si-

508 2660 615 2699 nus
645 2643 712 2697 ad
742 2641 1113 2712 recipiendum
1146 2658 1367 2713 germen
1395 2651 1449 2699 et
1477 2644 1877 2701 confovendum
1907 2650 2083 2703 vivifi-

504 2737 851 2805 candumque
902 2734 1403 2800 commodissimus,
1458 2751 1619 2805 quem
1650 2752 1758 2792 non
1785 2740 1997 2794 ratione
2027 2749 2082 2796 et

507 2828 795 2900 prudentia
818 2826 1004 2882 effecta
1034 2842 1156 2882 esse
1184 2843 1306 2897 quae
1329 2825 1470 2882 facta
1496 2839 1644 2893 sunt,
1672 2830 1918 2893 suadeat,
1936 2833 2083 2901 quod

508 2922 565 2975 in
593 2937 658 2975 ea
690 2920 866 2975 solum
920 2926 1073 2989 parte
1123 2920 1494 2974 membrorum
1522 2936 1552 2973 a
1585 2921 1728 2975 virili
1787 2927 1967 2993 specie
2004 2924 2084 2979 fe-

508 3014 656 3068 mina
687 3014 979 3082 discrepat,
1031 3027 1137 3081 qua
1188 3014 1483 3081 posteritas
1531 3022 1649 3068 sata
1700 3015 2000 3084 suscipitur
2030 3026 2083 3071 et

502 3106 745 3169 fovetur,
777 3112 831 3160 et
863 3120 1055 3159 rursus
1108 3106 1281 3158 virilis
1332 3105 1554 3159 habitus
1582 3120 1645 3159 ea
1704 3107 2082 3162 tantummodo

500 3200 882 3254 membrorum
936 3204 1089 3266 parte
1122 3198 1461 3261 immutatur,
1516 3212 1622 3266 qua
1651 3196 1699 3251 ei
1750 3197 1834 3253 vis
1866 3199 2081 3252 serendi

498 3304 563 3350 et
598 3291 895 3364 generandi
949 3290 1187 3345 hominis
1216 3290 1389 3343 inest?
1428 3289 1493 3341 Et
1541 3291 1596 3343 in
1652 3289 1755 3344 hoc
1825 3306 2082 3359 magnum

508 3388 729 3456 quidem
760 3381 1133 3439 testimonium
1185 3380 1545 3437 Providentiae
1586 3381 1770 3444 datur,
1795 3398 1862 3437 ex
1892 3399 2083 3441 neces-

496 3477 658 3532 saria
687 3476 1007 3531 diversitate
1037 3474 1429 3539 membrorum,
1460 3475 1555 3529 sed
1583 3475 1655 3530 ibi
1679 3476 1875 3543 majus,
1910 3477 2002 3532 ubi
2024 3478 2082 3534 in

498 3570 733 3624 habitus
786 3567 1163 3634 similitudine,
1218 3584 1355 3624 usus
1392 3568 1683 3624 diversitas
1715 3577 1769 3625 et
1794 3568 1954 3624 oflieii
1987 3587 2082 3629 va-

497 3662 679 3716 :rietas
707 3660 1003 3716 invenitur.
1064 3657 1199 3713 Nam
1233 3659 1487 3714 mamillae
1525 3660 1659 3715 viris
1680 3676 1833 3732 atque
1857 3670 1985 3718 sunt
2016 3679 2081 3719 ac

511 3754 751 3817 feminis,
783 3752 878 3808 sed
908 3750 1232 3806 feminarum
1279 3751 1408 3807 sola:
1448 3759 1579 3806 sunt
1614 3768 1735 3822 qua:
1774 3754 1932 3810 lactis
1961 3772 2082 3810 mu-

495 3862 640 3902 ~nere
664 3844 964 3915 replentur,
1021 3851 1080 3898 ut
1133 3845 1317 3901 statim
1345 3844 1436 3899 ubi
1484 3846 1792 3915 genuerint,
1826 3857 1950 3918 apta
1976 3848 2081 3904 sibi

498 3940 771 4009 parvulus
794 3937 1034 3993 inveniat
1059 3937 1419 3991 nutrimenta.
1443 3935 1597 4002 Quod
1625 3937 1843 4006 si,tanta
1869 3940 2082 3997 ratione

505 4032 759 4087 videmus
791 4030 847 4084 in
877 4030 1098 4084 homine
1132 4027 1376 4084 membra
1423 4028 1708 4098 disposita,
1744 4038 1802 4084 ut
1830 4031 1885 4085 in
1920 4040 2081 4088 caate-

494 4123 588 4179 -ris
615 4122 870 4177 omnibus
921 4120 1117 4176 similis
1170 4118 1393 4175 habitus
1446 4119 1716 4186 videatur,
1749 4121 1805 4175 in
1834 4122 1919 4176 his
1954 4133 2079 4177 tan-

507 4213 790 4269 tummodo
817 4213 1151 4282 discrepent,
1209 4211 1265 4266 in
1311 4212 1511 4282 quibus
1548 4228 1681 4269 usus
1710 4214 2079 4271 diversitatem

508 4304 759 4375 requirit,
818 4310 873 4357 et
912 4318 1089 4373 neque
1141 4303 1197 4356 in
1219 4303 1339 4357 viro
1372 4303 1576 4374 aliquid
1620 4304 1955 4374 superfluum
1984 4313 2080 4361 aut

506 4411 693 4466 egens,
729 4410 903 4465 neque
930 4395 985 4449 in
1046 4394 1249 4449 femina
1298 4395 1445 4464 quod
1505 4396 1646 4451 desit
1688 4397 1969 4455 videamus
1995 4401 2079 4455 vel

1369 308 1424 365 S.
1461 306 1858 363 CLEMENTIS
1891 306 1910 360 l
1950 305 2115 362 ROM.
2155 307 2354 366 ΡΟΝΤ.
2397 309 2623 366 OPERA
2661 308 2887 363 DUBIA.

418 420 425 428 ’
513 437 570 482 ut
598 426 827 481 mollitie
875 427 959 481 sui
992 425 1173 496 palpet
1196 434 1250 480 et
1284 423 1463 480 foveat
1492 426 1676 480 cordis
1722 426 1995 495 vigorem,
2026 428 2080 480 in
2112 432 2155 489 Α
2185 434 2239 483 et
2267 444 2440 498 quare
2470 437 2582 483 tam
2610 428 2810 483 tarde?
2856 425 2971 481 IIoc
3012 428 3191 498 possis
3231 426 3507 485 obtendere
3529 434 3705 491 etiamsi

3590 317 3700 373 {388

2184 530 2313 576 ante
2341 520 2518 576 factus
2545 520 2740 577 fuisset
2764 538 2779 589 ;
2835 521 3048 575 diceres
3076 521 3247 585 enim,
3279 518 3387 575 Cur
3414 537 3511 577 non
3540 535 3588 579 et
3608 540 3709 585 ante

2183 614 2327 668 hoc?
2353 626 2407 671 et
2433 616 2506 669 ita
2538 614 2807 670 immensa
2853 615 3055 669 saecula
3100 614 3484 672 transcendens
3529 634 3708 691 semper

2184 705 2364 775 possis
2393 707 2696 785 requirere,
2757 721 2857 761 cur
2896 722 3006 760 non
3036 714 3091 762 et
3124 714 3251 762 ante
3280 706 3415 762 hoc?
3459 707 3555 765 Sed
3577 713 3711 770 nobis

2185 813 2333 853 nunc
2360 814 2543 855 sermo
2569 814 2678 853 non
2708 799 2776 854 de
2794 814 2860 854 eo
2886 805 2970 855 est
3027 797 3150 871 [cur
3186 814 3294 854 non
3325 799 3393 855 sit
3423 810 3538 857 ante
3564 803 3711 861 factus

2183 905 2347 960 quam
2386 889 2564 945 factus
2593 890 2726 963 est],
2760 889 2856 946 sed
2888 891 2933 947 si
2959 891 3184 946 omnino
3212 891 3387 947 factus
3401 899 3498 948 est.
3521 892 3572 948 Si
3591 898 3712 951 enim

2182 978 2387 1035 factum
2418 988 2657 1046 constat,
2689 982 3004 1038 necessario
3034 983 3272 1053 potentis
3300 990 3353 1038 et
3403 986 3584 1040 summi
3609 989 3716 1040 arti-

2184 1070 2302 1126 ﬁcis
2324 1086 2462 1143 opus
2492 1081 2614 1141 est;
2647 1072 2794 1144 quod
2826 1075 2874 1130 si
2908 1082 3147 1138 constat,
3184 1074 3402 1145 quando
3424 1091 3538 1131 eum
3567 1076 3715 1134 facere

2184 1162 2440 1228 voluerit,
2504 1164 2769 1236 sapientis
2813 1166 3040 1223 artificis
3073 1166 3305 1221 arbitrio
3335 1167 3624 1239 judicioque
3646 1186 3717 1226 re-

2184 1254 2540 1325 linquendum
2583 1267 2687 1313 est.
2750 1258 2870 1315 Nisi
2897 1259 3148 1314 videatur
3189 1259 3288 1314 tibi
3320 1260 3490 1316 omnis
3524 1261 3625 1316 haec
3648 1278 3715 1317 sa-

2184 1346 2428 1416 pientia,
2505 1364 2628 1419 quae
2699 1357 2809 1404 tam
2866 1350 3161 1407 immanem
3208 1351 3397 1406 mundi
3452 1354 3715 1409 machinam

2185 1440 2406 1517 struxit,
2428 1449 2483 1495 et
2518 1441 2755 1511 singulis
2783 1442 3099 1514 quibusque
3142 1444 3308 1499 rebus
3332 1443 3524 1501 formas
3549 1455 3596 1501 et
3617 1461 3719 1517 spe-

2185 1514 2297 1586 dies
2326 1531 2495 1596 dedit,
2522 1548 2757 1603 quarum
2790 1534 3038 1589 habitum
3072 1551 3183 1590 non
3213 1534 3403 1590 decori
3429 1539 3592 1592 solum
3617 1553 3720 1593 con-

2184 1623 2513 1689 venientem,
2548 1625 2644 1680 sed
2673 1635 2726 1681 et
2772 1624 2973 1682 futuris
3000 1627 3194 1684 usibus
3224 1629 3558 1699 aptissimum
3577 1638 3624 1685 et
3642 1647 3720 1686 ne-

2186 1717 2488 1770 cessarium
2519 1725 2766 1786 poneret,
2799 1718 2903 1774 hoc
2923 1735 3043 1775 eam
3075 1722 3250 1776 solum
3276 1721 3492 1793 fugerit,
3514 1739 3613 1793 quo
3632 1731 3722 1776 tam

2187 1808 2489 1879 magnifica:
2521 1810 2856 1872 conditionis
2885 1820 3253 1883 opportunum
3281 1821 3492 1885 tempus
3520 1830 3725 1870 assume-

2185 1912 2287 1959 ret.
2320 1902 2413 1959 Est
2435 1905 2579 1975 apud
2610 1904 2763 1958 illum
2818 1905 3066 1975 profecto
3095 1914 3247 1961 certa
3305 1908 3467 1974 ratio,
3494 1916 3611 1962 sunt
3630 1907 3727 1961 evi-

2185 1994 2377 2049 dentes
2403 2009 2723 2059 causaa,cur
2740 2002 2795 2049 et
2818 1995 3039 2064 quando
3066 2002 3118 2050 et
3140 1996 3382 2066 qualiter
3410 1995 3727 2051 feceritmun-

2184 2087 2335 2151 dum,
2368 2102 2507 2157 quas
2532 2085 2869 2155 hominibus,
2899 2088 3099 2158 quibus
3134 2088 3249 2143 haec
3272 2104 3397 2159 qua:
3428 2098 3546 2143 ante
3568 2088 3730 2143 oculos

2184 2180 2359 2249 posita
2390 2189 2520 2234 sunt
2551 2190 2605 2236 et
2626 2186 2693 2236 de
2730 2181 2850 2251 ejus
2879 2180 3220 2250 providentia
3250 2187 3635 2244 contestantur,
3660 2180 3730 2233 in-

2170 2264 2402 2341 quirere
2459 2280 2512 2327 et
2558 2273 2864 2345 intelligere
2898 2274 3110 2344 pigrum
3162 2272 3293 2337 fuit,
3327 2275 3523 2344 aperiri
3570 2275 3732 2344 utique

2183 2380 2292 2419 non
2322 2364 2598 2433 oportuit;
2640 2382 2762 2437 quae
2813 2365 2957 2421 enim
3020 2366 3077 2419 in
3132 2366 3357 2421 occulto
3414 2366 3664 2420 habentur
3686 2374 3731 2420 et

2183 2456 2328 2510 intra
2362 2457 2644 2527 sapientiae
2673 2474 2888 2523 sensus,
2916 2459 3065 2513 velut
3096 2457 3237 2511 intra
3273 2458 3458 2528 regios
3480 2458 3733 2513 thesauros

2183 2547 2466 2603 recondita
2497 2558 2646 2613 sunt,
2672 2549 2877 2605 nemini
2933 2556 3143 2619 patent,
3179 2549 3289 2605 nisi
3326 2550 3410 2604 his
3448 2550 3537 2620 qui
3572 2549 3733 2603 abillo

2183 2641 2496 2709 didicerint,
2531 2643 2675 2714 apud
2706 2658 2869 2713 quem
2910 2645 3122 2713 signata
3154 2651 3288 2698 sunt
3340 2643 3455 2698 haec
3506 2650 3559 2697 et
3603 2657 3734 2711 repo-

2185 2734 2310 2789 sita.
2339 2732 2482 2790 Deus
2510 2748 2641 2805 ergo
2669 2747 2750 2790 est
2800 2735 2891 2806 qui
2954 2735 3079 2790 fecit
3108 2736 3321 2800 omnia,
3372 2743 3426 2790 et
3473 2736 3583 2806 ipse
3610 2750 3637 2789 a
3662 2749 3735 2789 ne-

2184 2826 2334 2881 mine
2360 2824 2539 2881 factus
2567 2836 2672 2883 est'.
2706 2825 2808 2893 Qui
2834 2835 3014 2881 autem
3042 2834 3299 2882 naturam
3330 2843 3432 2898 pro
3452 2827 3559 2882 Deo
3588 2826 3737 2882 nomi-

2184 2926 2338 2981 nant,
2369 2929 2423 2972 et
2452 2933 2547 2988 per
2602 2926 2853 2973 naturam
2886 2917 3030 2973 facta
3078 2935 3201 2975 esse
3228 2928 3439 2975 cuncta
3476 2928 3733 2975 testantur.

2184 3009 2318 3064 latet
2337 3026 2432 3066 eos
2468 3011 2851 3081 appellationis
2881 3027 2993 3067 suae
3016 3026 3192 3066 error.
3232 3010 3296 3067 Si
3335 3014 3482 3068 enim
3516 3020 3738 3067 naturam

2186 3101 2615 3157 irrationabilem
2647 3109 2863 3172 putant,
2890 3102 3279 3158 stultissimum
3329 3112 3417 3160 est
3469 3100 3739 3158 rationabi-

2186 3196 2289 3251 lem
2321 3194 2588 3250 facturam
2618 3195 2687 3251 ab
2738 3196 3100 3251 irrationabili
3146 3194 3366 3253 factore
3406 3195 3664 3269 progredi.
3692 3192 3740 3247 Si

2184 3304 2315 3342 vero
2343 3287 2484 3342 ratio
2505 3293 2612 3351 est,
2644 3286 2697 3341 id
2732 3294 2817 3343 est
2858 3287 3033 3359 logos,
3070 3303 3167 3358 per
3189 3304 3363 3357 quam
3392 3287 3533 3342 facta
3552 3290 3742 3340 constat

2185 3378 2461 3443 universa,
2486 3377 2761 3449 superfluo
2790 3394 2988 3434 nomen
3016 3381 3336 3445 immutant,
3364 3381 3459 3435 ubi
3491 3381 3555 3437 de
3572 3376 3744 3435 Condi-

2183 3470 2321 3526 toris
2346 3471 2555 3525 ratione
2584 3470 2925 3540 prolitentur.
2957 3470 3037 3527 Ad
3066 3472 3182 3528 haec
3206 3474 3255 3529 si
3289 3473 3425 3544 quid
3451 3472 3631 3535 habes,
3656 3468 3745 3523 Pa-

2186 3570 2286 3625 ter,
2314 3578 2667 3633 prosequere.

2251 3653 2469 3710 XXXV.
2544 3654 2670 3710 Haec
2728 3671 2853 3711 cum
2903 3655 3090 3712 Niceta
3143 3656 3427 3719 dixisset,
3484 3670 3641 3711 senex
3686 3654 3744 3705 ita

2182 3745 2493 3816 respondit:
2528 3745 2612 3800 Tu
2670 3747 2914 3818 quidem,
2955 3748 3052 3812 fili,
3110 3749 3421 3818 prudenter
3472 3757 3526 3804 et
3563 3745 3678 3801 forti
3697 3758 3747 3798 er

2182 3845 2509 3908 prosecutus
2536 3854 2617 3903 es,
2681 3839 2738 3893 in
2785 3847 2997 3893 tantum
3030 3847 3090 3893 ut
3131 3841 3340 3896 melius
3371 3826 3482 3897 dici
3508 3853 3661 3911 posse
3692 3835 3747 3889 de

2181 3929 2530 3986 Providentia
2584 3946 2693 3985 non
2752 3939 2957 4001 putem.
3014 3930 3121 3987 Sed
3174 3935 3451 4002 quoniam
3510 3929 3747 4000 horajain

2181 4024 2351 4077 multa
2377 4031 2482 4087 est,
2541 4024 2787 4079 crastino
2845 4024 2914 4079 ad
2968 4024 3085 4080 haec
3123 4041 3246 4095 quae
3304 4034 3630 4097 prosecutus
3678 4036 3746 4081 es.

2180 4117 2515 4188 respondere
2559 4117 2740 4187 aliqua
2776 4118 2921 4183 volo,
2974 4118 3043 4174 de
3069 4119 3279 4186 quibus
3304 4120 3355 4176 si
3381 4112 3751 4174 mihisatisfe-

2181 4210 2325 4267 ceris
2346 4211 2533 4280 gratiae
2564 4225 2653 4265 me
2698 4209 2870 4265 fateor
2893 4210 3216 4267 debitorem.
3255 4212 3326 4266 Et
3359 4213 3449 4269 his
3478 4228 3509 4266 a
3539 4225 3659 4266 sene
3680 4207 3753 4261 di-

2181 4302 2306 4367 ctis,
2335 4302 2572 4357 surrexit
2620 4300 2836 4358 Petrus.
2895 4303 3129 4369 Quidam
3181 4320 3322 4360 vero
3350 4320 3423 4360 ex
3469 4300 3753 4360 astantibus

2181 4392 2599 4449 Laodicensium
2630 4395 2841 4465 primus
2862 4395 3091 4465 rogabat
3112 4394 3347 4451 Petrum
3371 4406 3429 4453 et
3452 4412 3577 4463 nos,
3599 4401 3656 4449 ut
3679 4406 3752 4447 se—

491 4487 654 4557 ,ηειοά
688 4486 946 4553 abundet,
996 4487 1124 4556 quis
1164 4502 1240 4541 ,εχ
1292 4485 1378 4541 his
1421 4488 1677 4543 omnibus
1724 4504 1831 4543 non
1862 4491 2082 4547 eviden-
2112 4503 2157 4559 ι)
2182 4485 2269 4541 nis
2297 4485 2613 4541 indumenta
2644 4502 2765 4556 qua:
2820 4486 3051 4541 habebat
3080 4490 3309 4544 sordida
3344 4500 3405 4546 et
3451 4491 3625 4546 scissa
3650 4499 3756 4539 mu-

493 4588 590 4632 .ter
635 4585 895 4649 agnoscat
943 4576 1173 4632 rationis
1231 4593 1371 4647 opus
1410 4587 1464 4633 et
1506 4580 1828 4650 sapientiam
1872 4583 2078 4638 Condi-

506 4670 681 4724 toris?

581 4758 817 4817 XXXIII.
879 4762 975 4819 His
1030 4765 1355 4836 astipulatur
1408 4766 1571 4819 etiam
1622 4768 2081 4823 caterorumani-

508 4854 732 4909 malium
762 4855 1107 4912 rationabilis
1132 4857 1443 4920 diversitas,
1479 4865 1532 4912 et
1554 4874 1653 4913 suo
1672 4858 1925 4929 quodque
1955 4860 2077 4915 usui

510 4948 923 5017 ministerioque
983 4950 1333 5007 conveniens.
1390 4950 1516 5006 Hice
1573 4959 1805 5006 testatur
1830 4960 1883 5006 et
1913 4952 2076 5007 arbo-

508 5054 628 5091 rum
666 5038 902 5093 varietas
951 5038 1357 5110 herbarumque
1409 5040 1720 5105 diversitas,
1756 5050 1864 5095 tam
1897 5044 2079 5112 specie

509 5130 715 5184 variata
764 5147 928 5201 quam
980 5133 1182 5188 succis.
1240 5132 1365 5189 Ilaec
1412 5135 1608 5191 asserit
1660 5146 1713 5190 et
1751 5136 2079 5205 permutatio

502 5234 815 5294 temporum
874 5224 930 5279 in
975 5235 1207 5294 quatuor
1256 5226 1515 5281 distincta
1566 5227 1991 5291 vicissitudines,
2026 5238 2080 5283 et

505 5317 673 5370 certis
704 5316 877 5378 horis,
932 5315 1147 5379 diebus,
1207 5318 1511 5381 mensibus,
1575 5334 1777 5372 annum
1838 5319 2078 5373 circulus

505 5408 787 5473 claudens,
807 5416 861 5464 et
886 5425 953 5465 ne
981 5425 1140 5464 unam
1157 5410 1375 5480 quidem
1397 5410 1585 5466 horam
1608 5420 1824 5467 statutae
1850 5413 2077 5467 rationis

494 5505 809 5567 excedens;
852 5503 979 5556 hinc
1031 5502 1266 5573 denique
1317 5504 1480 5558 etiam
1505 5504 1692 5558 nmndi
1729 5506 1899 5575 ipsius
1923 5513 2075 5565 aetas.

496 5604 655 5651 -rerta
686 5604 738 5651 et
770 5595 949 5653 stabili
983 5595 1212 5659 ratione,
1243 5608 1507 5667 concepto
1548 5612 1813 5651 annorum
1850 5612 2078 5653 numero

507 5697 778 5746 censetur.

581 5780 816 5833 XXXIV.
873 5781 976 5833 Sed
1009 5782 1178 5843 dices,
1216 5782 1446 5846 Quando
1480 5784 1716 5837 mundus
1769 5785 1943 5838 factus
1970 5790 2073 5847 cst,

2184 4584 2359 4644 taret;
2383 4592 2543 4647 quem
2569 4575 2765 4632 Petrus
2788 4585 2842 4632 et
2869 4592 2969 4634 nos
3018 4580 3282 4649 amplexi,
3308 4589 3367 4636 et
3396 4579 3755 4636 collaudantes

2181 4683 2280 4739 pro
2306 4669 2537 4724 honesta
2582 4678 2638 4725 et
2666 4670 2871 4740 optima
2908 4671 3185 4727 voluntate
3243 4688 3378 4739 sua,
3409 4672 3752 4730 dicebamus:

2181 4759 2319 4827 Quia
2350 4776 2449 4816 nec
2478 4777 2580 4817 nos
2626 4762 2698 4816 ita
2732 4762 3051 4833 insipientes
3075 4779 3272 4819 sumus
3303 4758 3363 4821 et
3396 4766 3575 4837 impii,
3601 4773 3656 4819 ut
3682 4761 3755 4817 cui

2179 4858 2289 4905 tam
2327 4855 2566 4922 pretiosa
2603 4855 2763 4908 verba
2799 4854 3199 4920 concredimus,
3232 4871 3353 4911 non
3398 4857 3576 4912 multo
3607 4852 3760 4925 magis

2179 4947 2341 5002 etiam
2376 4948 2493 5002 hazc
2530 4964 2652 5018 quae
2675 4948 2741 5001 ad
2770 4965 2902 5004 usus
2929 4965 3226 5020 corporeos
3287 4960 3427 5007 sunt
3466 4948 3759 5007 necessaria

2179 5039 2544 5110 praebeamus,
2571 5056 2692 5110 quae
2721 5056 2845 5095 eum
2878 5050 2933 5095 et
2962 5042 3197 5097 libenter
3230 5051 3635 5115 suscepturum
3658 5053 3762 5093 cre—

2179 5132 2383 5196 dimus,
2410 5142 2669 5203 tanquam
2700 5147 2731 5186 a
2755 5133 2878 5188 filiis
2904 5141 3134 5203 patrem,
3156 5135 3258 5189 sed
3288 5143 3350 5190 et
3381 5144 3592 5191 tectum
3619 5131 3761 5187 nobis

2177 5234 2233 5281 et
2259 5227 2423 5281 vitam
2464 5240 2806 5281 communem
2864 5225 2981 5281 fore
3009 5226 3318 5283 credimus.
3368 5226 3501 5283 Haec
3530 5242 3653 5281 cum
3676 5237 3763 5277 nos

2179 5318 2513 5382 diceremus,
2546 5326 2601 5374 et
2632 5319 2722 5373 ille
2752 5318 3049 5388 primarius
3079 5319 3334 5376 civitatis
3395 5300 3617 5377 summa
3645 5320 3692 5372 vi
3719 5325 3765 5370 et

2178 5410 2570 5466 blandimentis
2602 5410 2852 5480 plurimis
2908 5411 3139 5466 avellere
3165 5425 3196 5462 a
3226 5412 3406 5469 nobis
3437 5418 3662 5485 cuperet
3691 5422 3763 5464 se-

2178 5519 2327 5566 nem,
2359 5519 2462 5558 nos
2500 5518 2628 5557 vero
2658 5518 2724 5557 eo
2753 5501 3124 5558 vehementius
3156 5505 3573 5571 retineremus,
3603 5500 3764 5558 omnis

2178 5596 2413 5667 populus
2437 5596 2758 5649 acclamavit
2788 5604 2848 5649 ut
2896 5595 3027 5649 illud
3080 5596 3264 5663 magis
3300 5598 3425 5667 fiat,
3482 5598 3629 5672 quod
3672 5590 3763 5666 ipsi

2180 5690 2355 5757 placet
2384 5690 2533 5753 seni;
2569 5695 2622 5742 et
2652 5704 2776 5742 cum
2809 5688 3083 5742 silentium
3114 5687 3334 5744 factum
3363 5693 3591 5755 fuisset,
3615 5700 3762 5744 senet

2174 5783 2487 5851 juramento
2516 5782 2806 5850 praevenit,
2839 5780 3067 5836 dicens:
3124 5778 3315 5840 Hodie
3366 5784 3521 5856 apud
3571 5782 3762 5841 nullum
