4036 6252
349 409 485 466 I589

1517 405 2076 462 RECOGNITIONUM
2113 405 2241 461 LIB.
2284 403 2418 460 VIII.

3459 406 3479 456 Ι
3493 404 3593 458 59η

345 522 580 579 manebo
595 536 773 592 neque
795 522 864 576 ab
880 521 1064 592 aliquo
1085 522 1385 592 quidquam
1411 523 1727 593 suscipiam,
1756 524 1831 577 uti
1858 540 1925 580 ne
1954 530 2000 585 Α
2030 538 2170 577 mam
2200 521 2511 593 possidens,
2544 535 2642 576 cur
2664 521 2717 574 in
2750 496 2967 576 occulto
2996 521 3133 577 lates
3162 526 3216 575 et
3264 521 3591 575 verecundia

343 615 573 670 alterius
628 613 847 667 dilectio
895 613 1120 668 alterius
1171 615 1393 668 tristitia
1453 615 1573 680 fiat;
1625 618 1738 672 haec
1768 618 1912 672 enim

342 706 685 776 postmodum
718 707 763 760 si
784 708 964 761 visum
995 706 1179 769 fuerit,
1212 706 1324 761 ﬁeri
1355 721 1603 777 possunt.

412 796 651 851 XXXVI.
685 796 750 850 Et
781 813 907 852 cum
965 798 1080 853 htee
1107 800 1335 855 dixisset
1387 817 1573 865 senex,
1615 801 1808 860 Petrus
1842 805 1916 859 ait

339 890 407 944 ad
437 889 754 960 primarium
788 890 1025 943 civitatis
1053 910 1065 944 :
1122 890 1390 957 Quoniam
1424 895 1594 947 nostri
1625 896 1912 964 praesentia

338 982 538 1036 bonam
563 981 903 1037 voluntatem
935 990 1082 1036 tuam
1117 984 1426 1046 ostendisti,
1460 985 1673 1040 tristem
1722 993 1776 1039 te
1804 1004 1910 1042 non

337 1080 551 1141 oportet
576 1073 889 1139 abscedere,
930 1074 1023 1128 sed
1071 1075 1404 1145 accipiemus
1459 1078 1556 1133 abs
1599 1087 1653 1133 te
1680 1082 1908 1150 gratiam

336 1177 437 1233 pro
457 1165 651 1234 gratia,
682 1166 900 1219 domum
932 1175 1079 1221 tuam
1112 1170 1269 1224 nobis
1317 1171 1561 1235 ostende,
1593 1182 1645 1227 et
1669 1190 1910 1244 praapara

336 1270 456 1309 eam
493 1262 553 1310 ut
581 1258 824 1311 crastino
856 1258 1155 1328 disputatio
1185 1278 1304 1330 qua:
1334 1261 1514 1316 futura
1563 1274 1646 1319 est
1694 1266 1767 1319 ibi
1819 1266 1913 1319 ha-

334 1346 549 1411 beatur,
577 1354 631 1401 et
678 1349 724 1402 si
756 1349 849 1418 qui
872 1351 1063 1403 volunt
1094 1352 1289 1407 adesse
1318 1355 1383 1407 ad
1417 1350 1751 1409 audiendum
1784 1373 1908 1427 per-

335 1438 643 1493 mittantur.
678 1438 809 1505 Quae
830 1456 953 1495 cum
986 1442 1231 1499 audisset
1258 1446 1469 1514 primus
1491 1447 1730 1502 civitatis
1752 1449 1908 1504 valde

336 1529 557 1598 gavisus
577 1541 680 1593 est,
709 1531 804 1586 sed
836 1539 889 1587 et
918 1535 1097 1590 omnis
1152 1536 1385 1605 populus
1419 1537 1650 1594 libenter
1676 1539 1903 1595 audivit.

333 1619 580 1690 Cumque
608 1620 995 1679 discessissent
1026 1626 1216 1692 turbae,
1272 1628 1491 1684 domum
1543 1646 1697 1688 suam
1720 1643 1905 1688 osten-

307 1712 448 1779 .dit;
473 1714 752 1769 discedere
772 1723 950 1769 autem
977 1724 1030 1771 et
1060 1733 1224 1773 senex
1248 1722 1433 1791 cepit.
1460 1721 1573 1792 Ego
1601 1731 1781 1779 tamen
1811 1726 1905 1780 uni

331 1820 398 1859 ex
422 1805 765 1876 pedissequis
793 1808 930 1863 meis
963 1810 1224 1879 imperavi
1258 1814 1397 1867 clam
1452 1817 1709 1886 subsequi
1739 1819 1904 1873 vesti-

331 1899 477 1965 gium
531 1899 711 1963 senis,
766 1907 820 1954 et
871 1900 1083 1957 discere
1123 1904 1212 1959 ubi
1261 1916 1526 1962 maneret.
1577 1908 1688 1964 Nos
1721 1918 1901 1964 autem

330 2002 453 2041 cum
494 1988 827 2046 redissemus
855 1992 920 2045 ad
952 1993 1247 2064 hospitium
1274 2036 1288 2061 ,
1320 1980 1696 2055 enarravimus
1722 2002 1903 2056 omnia

332 2078 595 2136 fratribus
620 2098 740 2151 quae
764 2084 923 2139 nobis
952 2100 1075 2139 cum
1105 2103 1236 2143 sene
1264 2088 1448 2144 habita
1478 2099 1627 2157 sunt,
1652 2102 1706 2148 et
1732 2094 1808 2147 ita
1836 2110 1900 2148 ex

329 2186 480 2226 more
503 2174 625 2227 cibo
652 2184 870 2245 sumpto
900 2179 1283 2247 requievimus.

400 2262 662 2321 XXXVII.
695 2264 792 2322 Die
828 2277 1008 2324 autem
1041 2281 1255 2339 postera
1300 2272 1494 2329 Petrus
1539 2284 1751 2332 mature
1777 2294 1901 2332 sur-

326 2369 464 2423 gens
487 2358 776 2412 suscitavit
800 2376 921 2424 nos,
950 2370 1003 2416 et
1024 2366 1362 2432 perreximus
1389 2368 1593 2436 pariter
1621 2369 1687 2422 ad
1722 2371 1900 2425 locum

320 2458 621 2511 secretum,
674 2450 730 2503 in
779 2466 888 2520 quo
923 2460 977 2506 et
1020 2454 1194 2523 pridie
1221 2458 1485 2514 orationis
1524 2474 1691 2514 causa
1717 2461 1893 2515 fuera-

324 2552 481 2604 mus;
508 2547 673 2609 atque
693 2541 820 2597 inde
843 2552 967 2613 post
996 2548 1298 2602 orationem
1331 2549 1459 2603 dum
1491 2552 1803 2608 veniremus
1831 2553 1898 2607 ad

322 2630 677 2685 constitutam
699 2632 941 2699 domum,
964 2636 1019 2690 in
1045 2638 1236 2693 itinere
1264 2641 1517 2695 monebat
1540 2658 1662 2708 nos,
1686 2643 1893 2700 dicens:

322 2721 531 2779 Audite
578 2741 688 2790 me,
720 2728 972 2783 conservi
1028 2730 1395 2796 dilectissimi,
1448 2733 1650 2788 bonum
1700 2746 1784 2790 est
1839 2747 1898 2789 ut

322 2815 710 2884 unusquisque
730 2826 974 2875 vestrum
1004 2822 1303 2876 secundum
1329 2824 1472 2893 quod
1500 2832 1700 2895 potest,
1723 2829 1897 2897 prosit

321 2905 721 2962 accedentibus
772 2910 839 2964 ad
893 2913 1051 2966 fidem
1094 2914 1373 2984 religionis
1413 2924 1634 2985 nostrae,
1689 2927 1743 2972 et
1774 2920 1895 2974 ideo

316 3012 435 3050 non
463 3011 562 3052 vos
616 3000 794 3069 pigeat
832 3005 1130 3059 secundum
1179 3007 1531 3076 sapientiam,
1584 3024 1706 3080 quae
1743 3012 1895 3067 vobis

313 3106 423 3162 per
477 3090 571 3145 Dei
633 3092 1029 3161 providentiam
1101 3097 1298 3151 collata
1362 3108 1447 3154 est
1516 3101 1890 3168 disserentes,

2020 613 2372 685 contegeris?
2397 612 2592 667 accede
2615 612 2722 666 huc
2754 615 2948 683 magis,
2982 619 3035 667 et
3064 626 3183 681 quae
3219 612 3311 666 tibi
3341 610 3596 667 videntur

2015 720 2325 776 exsequere.

2099 796 2342 853 XXXIX.
2368 796 2471 851 Ubi
2493 796 2607 851 hate
2636 796 2774 850 dixit
2822 796 3038 859 Petrus,
3080 796 3259 850 statim
3308 796 3481 849 turbat
3510 796 3593 850 ιο·-

2015 906 2139 945 cum
2179 890 2314 945 dare
2349 898 2635 960 cceperunt
2666 889 2807 945 seni.
2851 889 3095 959 Cumque
3140 889 3486 957 accessisset,
3515 890 3595 944 ita

2014 982 2182 1053 C(13le
2203 1002 2215 1035 :
2259 982 2459 1036 Eorum
2482 997 2601 1052 qua:
2623 982 2709 1036 die
2736 981 2995 1036 hesterno
3045 988 3369 1050 prosccutus
3392 988 3477 1034 est
3499 982 3590 1049 ju-

2016 1077 2194 1139 venis,
2221 1076 2437 1130 ctiamsi
2464 1075 2629 1129 verba
2664 1089 2772 1127 non
2802 1072 3045 1135 memini,
3074 1088 3292 1127 sensum
3321 1080 3501 1126 tamen
3535 1085 3588 1127 et

2010 1168 2255 1222 ordinem
2285 1176 2463 1230 teneo,
2525 1174 2579 1222 et
2620 1166 2743 1220 ideo
2776 1165 3146 1219 necessarium
3183 1173 3314 1235 puto
3364 1172 3587 1235 propter

2011 1274 2105 1313 eos
2135 1260 2227 1329 qui
2258 1259 2515 1313 hesterno
2572 1274 2679 1312 non
2744 1256 3062 1322 adfuerunt,
3118 1256 3585 1326 anacepbalazosin

2012 1351 2193 1406 facere
2217 1366 2407 1405 eorum
2442 1367 2563 1420 quae
2618 1351 2766 1405 dicta
2825 1358 2976 1415 sunt,
3009 1358 3062 1404 ct
3113 1350 3354 1404 breviter
3383 1358 3583 1404 cuncta

2010 1451 2276 1513 repetere,
2318 1453 2377 1497 ut
2404 1444 2616 1498 etiamsi
2649 1458 2734 1498 me
2762 1443 2969 1513 aliquid
3002 1441 3270 1511 effugerit,
3303 1442 3371 1496 ab
3400 1457 3465 1496 eo
3489 1442 3582 1511 qui

2010 1546 2333 1607 prosecutus
2372 1544 2457 1590 est
2492 1543 2759 1606 prasente
2803 1550 3174 1589 commonear.
3206 1532 3306 1587 Hic
3330 1548 3456 1603 ergo
3480 1532 3583 1587 fuit

2009 1630 2278 1684 hesterna:
2307 1629 2695 1700 disputationis
2735 1642 2951 1690 sensus,
2974 1625 3115 1696 quod
3152 1626 3332 1679 omnia
3356 1640 3477 1694 quae
3500 1626 3584 1677 vi-

2008 1721 2225 1785 dentur,
2264 1722 2525 1791 quoniam
2556 1728 2708 1775 certa
2762 1734 3031 1774 mensura
3051 1726 3104 1772 et
3148 1724 3264 1771 arte
3300 1716 3581 1787 formaque

2007 1830 2072 1868 ac
2100 1814 2283 1884 specie
2316 1821 2592 1876 constant,
2648 1812 2766 1869 sine
2796 1812 2967 1867 dubio
2995 1827 3025 1865 a
3078 1811 3324 1880 sapiente
3379 1809 3581 1864 virtute

1935 1870 1976 1924 Β
2008 1870 2151 1959 facta
2182 1920 2305 1961 esse
2334 1903 2629 1976 [credenda
2661 1911 2823 1971 sunt;
2866 1902 3011 1973 quod
3046 1902 3090 1956 si
3145 1916 3300 1955 mens
3356 1909 3409 1955 et
3439 1902 3581 1954 ratio

2004 2005 2089 2053 est
2126 2013 2247 2067 quae
2282 1999 2395 2051 haec
2427 1998 2689 2059 condidit,
2712 2010 3054 2064 consequens
3080 1992 3221 2064 esse]
3260 2000 3319 2046 ut
3348 1993 3580 2048 rationis

2007 2090 2180 2160 ipsius
2235 2090 2574 2159 providentia
2628 2088 2863 2142 mundus
2901 2093 3140 2157 regatur,
3178 2085 3393 2139 etiamsi
3419 2084 3578 2139 nobis

2004 2198 2068 2235 ea
2098 2197 2218 2251 quae
2241 2190 2505 2252 geruntur
2558 2182 2612 2235 in
2659 2179 2882 2244 mundo,
2938 2179 3119 2232 minus
3152 2186 3297 2232 recte
3354 2177 3466 2248 geri
3496 2177 3576 2229 vi-

2003 2272 2255 2327 deantur.
2294 2273 2663 2342 Consequitur
2695 2281 2896 2333 autem,
2930 2278 2988 2323 ut
3017 2270 3062 2325 si
3094 2277 3309 2323 creator
3334 2269 3577 2323 omnium

2004 2362 2147 2417 Deus
2180 2373 2265 2417 est
2294 2378 2357 2417 ac
2386 2379 2563 2426 mens,
2592 2363 2662 2419 sit
2685 2364 2849 2417 etiam
2874 2362 3095 2431 justus;
3142 2362 3286 2430 quod
3319 2361 3365 2413 si
3391 2361 3577 2428 justus

2001 2459 2107 2516 est,
2160 2454 2474 2509 necessario
2500 2453 2741 2523 judicat;
2769 2452 2813 2506 si
2856 2452 3091 2520 judicat,
3125 2466 3350 2506 necesse
3383 2460 3465 2506 est
3517 2461 3577 2505 ut

2003 2544 2249 2601 homines
2274 2546 2339 2599 de
2356 2547 2471 2600 suis
2503 2546 2718 2601 actibus
2743 2544 3089 2613 judicentur;
3115 2551 3169 2597 ct
3198 2543 3241 2596 si
3266 2542 3333 2597 de
3362 2544 3577 2597 actibus

2001 2636 2116 2691 suis
2147 2637 2529 2706 unusquisque
2576 2636 2879 2705 iudicatur,
2920 2636 3026 2689 erit
3058 2650 3187 2704 ergo
3230 2634 3373 2687 inter
3393 2634 3576 2703 justos

1999 2736 2052 2782 et
2078 2730 2397 2797 petcatores
2446 2726 2656 2795 justum
2691 2725 3020 2795 quandoque
3073 2724 3389 2778 discrimen.
3450 2723 3576 2779 Haec

1999 2820 2123 2887 fuit,
2151 2827 2209 2873 ut
2236 2820 2451 2889 opinor,
2490 2819 2657 2874 totius
2700 2818 2851 2873 verbi
2882 2818 3238 2872 continentia.

2067 2910 2178 2967 XL.
2213 2910 2270 2965 Si
2306 2926 2435 2982 ergo
2460 2910 2673 2967 ostendi
2707 2919 2894 2980 potest
2939 2910 3083 2979 quod
3122 2926 3273 2965 mens
3312 2924 3376 2964 ac
3431 2910 3573 2964 ratio

1996 3014 2193 3061 cuncta
2219 3007 2544 3071 condiderit,
2600 3020 2944 3075 consequens
3000 3013 3084 3059 est
3145 3015 3199 3058 et
3235 3019 3297 3058 ea
3339 3019 3460 3074 qua:
3488 3020 3574 3059 se-

1996 3109 2243 3169 quuntur
2272 3100 2485 3155 ratione
2516 3109 2570 3154 et
2595 3099 2934 3169 providentia
2952 3098 3084 3169 geri.
3119 3096 3175 3150 Si
3210 3113 3339 3152 vero
3380 3106 3573 3151 natura

314 3184 597 3237 instruere
627 3182 849 3253 ignaros
879 3193 932 3239 et
962 3186 1177 3251 docere,
1206 3191 1278 3244 ita
1332 3200 1513 3248 tamen
1554 3204 1612 3249 ut
1638 3197 1722 3251 his
1778 3214 1899 3268 quae
1927 3203 1967 3260 ο
2002 3192 2321 3261 imprudens
2355 3199 2408 3247 et
2441 3207 2585 3247 caeca
2619 3192 2790 3262 gignit
2830 3191 3108 3254 universa,
3149 3191 3432 3261 perimitur
3453 3189 3572 3244 sine

311 3290 347 3329 a
378 3290 466 3330 me
510 3275 745 3331 audistis
773 3285 826 3331 et
866 3280 1067 3332 tradita
1114 3290 1242 3335 sunt
1272 3284 1449 3348 vobis,
1483 3289 1650 3342 vestri
1682 3298 1894 3345 tantum

309 3367 594 3423 sermonis
640 3368 1004 3438 eloquentiam
1062 3374 1303 3429 societis.
1348 3375 1457 3431 Nec
1506 3379 1712 3449 aliquid
1761 3398 1893 3452 pro-

312 3457 506 3527 prium
538 3464 594 3514 et
616 3460 759 3528 quod
812 3460 968 3516 vobis
1018 3478 1127 3516 non
1160 3475 1241 3518 est
1297 3466 1553 3521 traditum
1606 3472 1896 3541 proloqua—

313 3550 487 3614 mini,
518 3551 732 3607 etiamsi
773 3554 927 3608 vobis
961 3556 1256 3611 verisimile
1304 3559 1571 3626 videatur,
1608 3562 1698 3616 sed
1723 3579 1807 3624 ea,
1836 3571 1896 3617 ut

306 3641 463 3709 dixi,
513 3658 635 3713 quae
673 3643 789 3713 ipse
842 3658 873 3698 a
932 3661 1063 3701 vero
1122 3648 1381 3719 propheta
1432 3663 1684 3722 suscepta
1739 3654 1893 3711 vobis

306 3734 548 3798 tradidi,
579 3738 1013 3807 prosequamini,
1046 3741 1257 3795 etiamsi
1291 3742 1471 3798 minus
1504 3746 1674 3814 plenae
1717 3763 1896 3802 asser-

298 3826 485 3881 tionis
508 3842 631 3883 esse
654 3830 1004 3886 videbuntur.
1062 3831 1200 3886 Ilinc
1250 3835 1394 3888 enim
1449 3852 1591 3907 saepe
1630 3840 1894 3910 contingit

297 3915 594 3972 declinare
619 3918 881 3986 quosdam
905 3933 933 3972 a
957 3920 1207 3985 veritate,
1239 3922 1367 3976 dum
1396 3925 1631 3994 speciem
1669 3929 1768 3983 sibi
1800 3947 1893 3985 ve-

297 4005 486 4064 rioris
515 4012 570 4060 et
598 4008 879 4064 validioris
908 4011 1176 4076 veritatis,
1207 4015 1441 4084 propriis
1469 4019 1891 4089 cogitationibus

297 4093 596 4165 reperisse
635 4110 694 4149 se
727 4098 979 4152 credunt.

384 4182 678 4239 XXXVIII.
715 4185 811 4240 His
851 4203 882 4242 a
908 4188 1070 4244 Petro
1111 4192 1273 4249 dictis
1309 4194 1541 4251 libenter
1571 4201 1885 4263 annuimus,

289 4276 561 4331 dicentes
584 4275 655 4337 ei,
683 4276 821 4330 nihil
867 4294 969 4333 nos
1020 4290 1258 4347 acturos,
1294 4286 1399 4341 nisi
1431 4289 1575 4357 quod
1606 4291 1707 4360 ipsi
1739 4293 1889 4349 vide-

296 4378 493 4424 retur.
529 4366 665 4421 Tum
699 4369 788 4424 ille
817 4389 830 4423 :
860 4370 1094 4444 Utergo,
1115 4375 1310 4444 inquit,
1337 4379 1455 4435 sine
1478 4384 1716 4450 periculo
1734 4401 1889 4440 exer-s

284 4460 572 4521 ceamini,
607 4475 693 4514 me
724 4476 912 4516 coram
948 4465 1223 4535 disputate
1275 4471 1495 4540 singuli,
1552 4474 1626 4527 ita
1658 4483 1715 4528 ut
1744 4491 1887 4530 unus

1996 3283 2165 3338 dubio
2218 3284 2412 3353 judieii
2443 3283 2604 3348 ratio,
2642 3298 2743 3337 nec
2798 3282 3074 3337 discussio
3104 3291 3447 3352 peccatorum
3505 3296 3571 3337 ac

1997 3362 2419 3429 benefactorum
2460 3375 2828 3429 remuneratio
2886 3372 3215 3442 sperabitur,
3266 3370 3360 3424 ubi
3401 3370 3568 3439 judex

1996 3481 2103 3519 non
2135 3474 2234 3520 est.
2272 3464 2408 3531 Quia
2440 3482 2569 3536 ergo
2603 3467 2787 3519 omnia
2834 3466 2888 3519 in
2949 3465 3051 3518 hoc
3082 3462 3318 3533 pendent
3345 3470 3398 3516 et
3441 3462 3571 3516 huic

1996 3560 2157 3628 capiti
2196 3560 2496 3626 adhaerent,
2547 3577 2658 3615 non
2711 3561 3093 3629 indignemini,
3145 3562 3189 3614 si
3239 3558 3378 3613 forte
3408 3561 3569 3629 paulo

1994 3655 2158 3709 latius
2190 3655 2390 3711 discuti
2427 3657 2541 3711 haec
2576 3664 2631 3712 et
2691 3658 3014 3726 pertractari
3062 3658 3306 3712 voluero.
3350 3656 3409 3711 In
3464 3657 3568 3710 hoc

1993 3749 2138 3802 enim
2167 3750 2297 3803 mihi
2328 3751 2393 3805 ad
2425 3751 2605 3805 omnia
2637 3767 2758 3821 quae
2788 3759 3192 3822 proponuntur,
3214 3750 3362 3804 velut
3392 3750 3565 3819 prima

1988 3839 2159 3907 janua
2187 3841 2481 3905 clauditur,
2513 3851 2568 3897 et
2599 3844 2721 3898 ideo
2744 3843 2886 3896 hanc
2911 3842 3041 3895 mihi
3079 3851 3203 3896 ante
3228 3841 3411 3895 omnia
3445 3856 3567 3911 ape-

1991 3931 2090 3985 riri
2123 3933 2265 3987 volo.
2299 3931 2455 3989 Nunc
2480 3950 2611 4005 ergo
2640 3933 2823 3988 audite
2856 3950 2977 4003 qua:
3025 3935 3217 3998 doceo,
3252 3940 3305 3987 et
3338 3948 3565 4002 respon-

1991 4022 2117 4077 deat
2140 4024 2274 4078 mihi
2305 4026 2350 4080 si
2374 4026 2499 4095 quis
2512 4034 2752 4079 vestrum
2770 4025 2943 4088 volet;
2970 4039 3077 4076 non
3092 4025 3234 4077 enim
3247 4023 3562 4077 erubescam

1990 4114 2223 4175 discere,
2260 4116 2307 4170 si
2330 4116 2556 4170 audiero
2586 4115 2731 4186 quod
2751 4130 2941 4169 verum
2970 4120 3076 4177 est,
3100 4121 3153 4167 et
3186 4120 3331 4167 recte
3355 4113 3559 4167 dicenti

1989 4207 2362 4276 acquiescere.
2396 4206 2563 4278 Igitur
2607 4208 2864 4263 hesterno
2913 4220 2942 4258 a
2995 4212 3046 4257 te
3101 4204 3321 4259 habitus
3355 4220 3556 4266 sermo,

1978 4300 2080 4369 qui
2115 4299 2396 4354 asserebat
2427 4299 2571 4369 quod
2603 4307 2718 4354 arte
2747 4306 2801 4354 et
2829 4312 3084 4353 mensura
3112 4306 3165 4352 et
3191 4298 3402 4351 ratione
3424 4312 3561 4350 cun-

1988 4399 2075 4445 cta
2105 4399 2441 4453 constarent,
2474 4405 2582 4445 IIOI'I
2624 4390 2779 4445 valde
2826 4406 2911 4444 me
2942 4389 3169 4452 suadet,
3203 4396 3437 4442 mentem
3471 4405 3560 4442 ra-

1992 4483 2306 4552 tionemque
2340 4497 2462 4537 esse
2482 4498 2604 4552 qua:
2632 4482 2819 4537 fecerit
2869 4482 3164 4543 mundum;
3213 4481 3381 4533 multa
3412 4481 3555 4535 enim

283 4553 389 4608 alii
426 4551 695 4645 succedat
724 4568 787 4608 ac
817 4570 948 4611 suas
981 4560 1355 4630 unusquisque
1376 4564 1608 4632 explicet
1629 4568 1885 4635 qumstio—
1917 4545 1961 4599 D
1986 4572 2182 4633 habeo.
2213 4589 2334 4644 quae
2363 4574 2647 4629 ostendam
2671 4575 2999 4645 competenti
3026 4588 3278 4628 mensura
3298 4588 3361 4625 ac
3386 4571 3557 4626 forma

280 4661 417 4702 nes.
460 4642 621 4699 Nunc
649 4661 779 4717 ergo
802 4649 1062 4717 quoniam
1094 4652 1354 4708 hesterno
1393 4656 1480 4710 die
1516 4656 1704 4713 Nieeta
1743 4660 1884 4716 suIIi-

279 4738 521 4792 cienter
539 4734 818 4803 disseruit,
849 4739 1014 4797 hodie
1036 4757 1343 4799 sermonem
1371 4746 1534 4801 faciat
1564 4750 1779 4819 Aquila,
1828 4758 1882 4807 et

279 4835 425 4900 post
459 4824 710 4893 Aquilam
732 4828 1005 4894 Clemens,
1032 4828 1157 4888 inde
1176 4849 1297 4904 ego,
1323 4837 1369 4891 si
1400 4845 1578 4893 tamen
1608 4841 1770 4895 etiam
1794 4859 1881 4899 me

276 4937 383 4977 res
420 4921 738 4988 poposcerit
769 4924 973 4994 aliquid
994 4925 1212 4982 addere.
1234 4925 1443 4984 Interea
1469 4930 1595 4985 dum
1625 4932 1882 5003 hujusce-

278 5010 452 5069 modi
487 5022 766 5066 sermones
796 5017 1077 5080 caedimus,
1108 5019 1175 5073 ad
1203 5020 1427 5074 domum
1456 5031 1679 5077 ventum
1711 5035 1796 5081 est
1823 5028 1878 5081 in

277 5118 407 5175 qua
442 5099 758 5169 suscipiens
783 5121 884 5160 nos
918 5110 1332 5178 paterfamilias,
1360 5114 1659 5169 introducit
1696 5118 1765 5171 ad
1792 5118 1876 5173 Io-

274 5210 420 5252 cum
454 5194 748 5260 quemdam
778 5196 833 5251 in
864 5200 1276 5258 similitudinem
1333 5206 1532 5260 theatri
1583 5210 1873 5264 collectum

271 5296 335 5344 et
364 5283 611 5357 pulchre
640 5288 1052 5356 exaedificatum,
1111 5297 1164 5351 in
1218 5312 1325 5367 quo
1375 5301 1563 5354 turbas
1601 5302 1868 5370 plurimas

183 5409 187 5413 ν
270 5397 346 5438 ex
384 5384 646 5441 tempore
673 5378 851 5431 noctis
882 5383 1224 5450 opperientes
1254 5403 1353 5441 nos
1383 5391 1706 5459 reperimus,
1733 5391 1877 5447 inter

267 5483 431 5542 quos
466 5471 528 5519 et
559 5480 723 5521 senex
780 5470 872 5538 qui
927 5474 1098 5543 pridie
1141 5480 1424 5534 nobiscum
1480 5483 1869 5553 disputavcrat.

266 5566 489 5633 Itaque
525 5560 762 5614 medium
793 5563 1057 5621 habentes
1080 5566 1297 5624 Petrum
1340 5573 1678 5641 ingredimur
1706 5580 1872 5635 etiam

263 5668 418 5716 nos,
458 5648 980 5720 circumspicientes
1036 5658 1209 5712 sicubi
1256 5677 1605 5722 cerneremus
1652 5680 1871 5739 senem;

264 5758 454 5821 quem
499 5742 657 5811 prior
683 5742 877 5802 Petrus
908 5747 1098 5803 videns
1131 5750 1184 5804 in
1237 5754 1417 5808 medio
1453 5758 1626 5813 turbae
1652 5761 1873 5817 latitan-

264 5850 390 5896 tem
425 5834 690 5892 evocavit
722 5837 788 5894 ad
820 5855 901 5900 se,
933 5841 1121 5897 dicens
1153 5861 1165 5896 :
1202 5843 1498 5902 Clariorem
1544 5852 1730 5908 multis
1754 5853 1871 5909 ani—

1983 4673 2038 4718 et
2069 4665 2249 4734 specie
2282 4673 2557 4729 constare,
2598 4680 2696 4719 nec
2727 4673 2907 4719 tamen
2942 4680 3040 4734 per
3075 4673 3306 4718 mentem
3340 4664 3555 4719 condita

1983 4771 2048 4809 ac
2078 4756 2365 4810 rationem.
2406 4754 2544 4809 Tum
2572 4763 2830 4825 praeterea
2861 4756 3017 4809 video
3048 4755 3214 4808 multa
3256 4753 3552 4818 incondite,

1982 4847 2459 4915 inconsequenter,
2488 4846 2690 4915 injuste
2722 4848 2837 4915 geri
2868 4844 2922 4899 in
2974 4847 3197 4912 mundo,
3226 4853 3280 4900 ct
3310 4846 3426 4899 sine
3462 4859 3557 4913 ge-

1982 4938 2133 4992 nesis
2174 4953 2341 4993 cursu
2383 4938 2519 4993 nihil
2572 4938 2685 4992 fieri
2742 4954 2941 5007 posse;
3003 4937 3149 5008 quod
3202 4947 3325 5008 post
3371 4937 3553 4992 omnia

1980 5029 2142 5083 etiam
2177 5044 2242 5084 ex
2275 5045 2359 5082 me
2386 5030 2506 5098 ipso
2540 5028 2985 5085 manifestissime
3020 5030 3355 5100 approbabo.

2052 5118 2187 5175 XLI.
2222 5118 2347 5174 Haac
2391 5136 2516 5174 cum
2548 5136 2713 5175 senex
2743 5120 2967 5184 diceret,
3003 5122 3197 5191 Aquila
3230 5120 3547 5191 respondit:

1981 5209 2245 5276 Quoniam
2270 5211 2386 5280 ipse
2413 5210 2766 5280 preposuisti,
2800 5219 2858 5264 ut
2886 5210 2953 5264 ad
2985 5226 3046 5265 ea
3069 5227 3191 5280 qua:
3212 5212 3420 5266 diceres
3440 5211 3552 5263 rha-

1978 5302 2129 5356 heret
2155 5304 2364 5372 copiam
2392 5302 2756 5371 respondendi
2802 5304 2893 5372 qui
2942 5303 3092 5367 velit,
3142 5302 3392 5357 concedit
3418 5301 3550 5356 mihi

1978 5392 2146 5446 frater
2177 5410 2333 5449 meus
2365 5393 2551 5448 NiCeta
2581 5394 2737 5448 hodie
2773 5393 2951 5448 facere
2984 5409 3314 5449 sermonem.
3368 5392 3435 5447 Et
3463 5410 3549 5448 sc-

1978 5499 2083 5537 nex
2116 5502 2128 5537 :
2165 5483 2526 5555 Prosequere,
2560 5486 2655 5547 ait,
2684 5487 2853 5548 lili,ut
2873 5486 2978 5541 vis.
3007 5486 3072 5539 Et
3099 5485 3293 5555 Aquila
3320 5500 3549 5557 respon-

1975 5582 2107 5636 dit:
2165 5579 2471 5635 Promisisti
2529 5581 2674 5651 quod
2734 5582 3054 5637 ostenderes
3106 5581 3275 5635 multa
3326 5596 3449 5636 esse
3491 5581 3544 5635 in

1975 5671 2213 5735 mundo,
2248 5688 2366 5742 qua:
2418 5672 2643 5725 formam
2699 5688 2763 5727 ac
2810 5674 3046 5743 speciem
3101 5674 3292 5744 tequali
3338 5672 3545 5727 ratione

1975 5765 2260 5818 collectam
2283 5770 2496 5834 gerant,
2529 5779 2651 5833 qua:
2684 5774 2863 5819 tamen
2894 5772 3109 5821 constet
3130 5781 3238 5819 non
3268 5765 3411 5820 effici
3448 5782 3545 5836 per

1974 5855 2312 5909 conditorem
2370 5852 2559 5908 Deum.
2613 5853 2766 5910 Nunc
2824 5869 2954 5926 ergo
3000 5856 3143 5926 quod
3206 5844 3541 5928 promisisti,
