4022 6274
454 408 583 462 159i

1304 405 1361 460 S.
1399 402 1840 462 CLEMENTISI
1874 402 2042 461 ROM.
2086 405 2287 461 PONT.
2326 406 2556 461 OPERA
2595 407 2823 463 DUBIA.

3571 407 3712 463 1592

452 524 703 581 ostende.
742 524 806 577 Et
832 538 1030 581 senex:
1064 521 1204 578 Ecce
1264 537 1450 576 arcum
1494 520 1741 574 videmus
1790 520 1844 573 in
1882 522 2023 573 coelo
2055 536 2099 586 Α
2130 520 2327 574 liorum
2378 528 2595 575 textura
2641 529 2695 576 et
2745 521 2813 576 de
2864 519 3047 590 parvis
3086 518 3421 574 animalibus
3468 518 3707 587 colligis,

451 618 718 673 circulum
757 626 940 672 tenere
988 616 1135 669 omni
1178 628 1428 667 mensura
1474 612 1763 668 collectum
1797 611 1934 682 (76),
1978 621 2031 666 et

454 709 659 764 habere
690 690 925 778 speciem
952 706 1092 771 veri,
1124 720 1285 776 quam
1306 704 1557 759 fortassis
1585 719 1684 758 nec
1719 719 1874 759 mens
1896 720 2032 757 con-

456 800 586 855 dere
617 815 717 854 nec
747 799 1060 855 describere
1097 799 1235 851 ratio
1265 797 1549 865 potuisset,
1594 810 1695 849 nec
1730 802 1914 849 tamen
1945 795 2033 849 hic

458 893 526 948 ab
548 893 727 962 aliqua
760 901 941 945 mente
983 892 1061 945 ﬁt.
1099 890 1237 945 Ecce
1267 890 1322 943 in
1371 889 1518 943 brevi
1541 895 1719 941 totum
1751 887 2032 958 proposui,

459 984 728 1054 responde
759 982 825 1037 ad
859 983 994 1036 haec.

528 1071 689 1127 XLII.
747 1071 884 1126 Tum
937 1070 1171 1142 Aquila:
1224 1068 1343 1126 Non
1398 1071 1696 1132 continuo,
1753 1069 1952 1138 inquit,
1987 1068 2035 1124 si

458 1163 591 1235 quid
620 1177 686 1218 ex
717 1170 842 1233 typo
869 1170 922 1217 et
953 1161 1125 1217 forma
1159 1161 1507 1231 exprimitur,
1544 1160 1603 1215 id
1642 1159 1972 1231 intelligitur
2004 1172 2036 1211 a

460 1257 674 1313 ratione
702 1272 825 1312 esse
849 1270 911 1309 ac
944 1255 1063 1311 sine
1084 1262 1266 1310 mente
1288 1270 1399 1309 non
1430 1254 1752 1326 ﬁeriposse,
1777 1253 2037 1324 quoniam

458 1357 624 1422 typus
653 1348 768 1419 ipse
791 1346 884 1417 qui
916 1345 1173 1416 exprimit
1192 1344 1396 1416 ﬁguras
1432 1359 1498 1399 ac
1526 1344 1755 1407 formas,
1789 1358 1899 1399 non
1922 1344 2040 1398 sine

462 1447 645 1499 mente
677 1439 854 1494 factus
898 1447 1008 1495 est.
1050 1436 1213 1493 Verbi
1271 1452 1464 1502 causa,
1515 1451 1643 1491 cera
1696 1436 1743 1491 si
1791 1434 2039 1505 alligatur

464 1534 677 1607 sculpta
705 1531 930 1595 annulo,
970 1531 1264 1602 imaginem
1284 1530 1513 1601 quidem
1543 1540 1595 1584 et
1629 1528 1855 1601 ﬁguram
1874 1529 2040 1583 sumit

462 1606 796 1693 exfannulo,
845 1624 938 1694 qui
972 1625 1093 1678 sine
1125 1623 1293 1678 dubio
1326 1638 1490 1679 sensu
1525 1632 1695 1688 caret,
1736 1620 1832 1678 sed
1865 1636 2040 1675 annu-

462 1715 548 1770 lus
575 1717 667 1785 qui
720 1718 975 1787 exprimit
1010 1715 1262 1786 eﬁigiem,
1301 1730 1466 1769 manu
1508 1714 1737 1769 artiﬁcis
1791 1715 2041 1787 sculptus

460 1816 564 1871 est,
594 1816 649 1863 et.
683 1825 835 1865 mens
871 1808 974 1863 fuit
1007 1824 1069 1862 ac
1098 1809 1259 1873 ratio,
1296 1824 1418 1879 qua:
1468 1817 1653 1880 typum
1707 1808 1911 1863 annulo
1944 1809 2041 1864 de-

2135 613 2281 683 qnod
2306 628 2370 667 ex
2401 614 2486 667 his
2516 612 2650 666 ﬁdes
2673 613 2835 667 etiam
2863 611 3183 666 melioribus
3233 610 3548 681 deroganda
3598 610 3710 671 sit;

2135 706 2229 761 sed
2257 722 2367 759 non
2392 712 2444 759 te
2471 706 2575 760 ista
2602 704 2893 774 decipiant,
2912 710 2971 757 ut
2998 710 3153 774 putes
3170 702 3555 773 quasiduabus
3576 702 3712 757 solis

2136 796 2390 850 manibus
2418 802 2732 865 operantem
2759 792 2926 848 Deum
2953 808 3063 847 non
3090 808 3254 863 posse
3278 792 3537 847 universa
3559 806 3715 845 com-

2136 885 2283 955 plere
2306 900 2427 954 quae
2472 884 2629 948 ﬁunt,
2662 884 2759 939 sed
2806 890 3078 938 memento
3124 883 3399 953 quomodo
3446 883 3714 937 hesterno

2137 977 2236 1031 tibi
2263 975 2431 1032 frater
2457 992 2611 1032 meus
2637 975 2825 1032 Niceta
2849 975 3222 1046 respondit,et
3241 977 3565 1046 mysterium
3584 986 3716 1030 ante

2136 1076 2355 1139 tempus
2381 1068 2596 1140 aperuit
2640 1084 2768 1124 vere
2820 1069 2981 1139 quasi
3029 1084 3154 1124 cum
3178 1077 3333 1140 patre
3381 1067 3632 1138 loquens,
3659 1076 3718 1123 et

2138 1177 2238 1215 cur
2260 1170 2316 1216 et
2342 1160 2617 1232 quomodo
2641 1163 2772 1216 ﬁant
2798 1160 2914 1217 haec
2934 1177 3056 1232 quat
3083 1161 3295 1217 inutilia
3321 1160 3595 1223 videntur,
3618 1177 3719 1217 ex-

2138 1253 2341 1325 posuit.

2209 1344 2392 1401 XLIV.
2423 1344 2488 1399 Et
2514 1360 2680 1403 senex
2712 1365 2724 1401 :
2749 1345 2860 1402 Cur
2886 1345 2991 1402 ista
3019 1344 3232 1401 inutilia
3256 1345 3541 1401 voluntate
3567 1347 3718 1401 illius

2140 1452 2367 1493 summae
2390 1440 2589 1495 mentis
2612 1438 2763 1504 ﬁant,
2798 1440 2958 1494 velim
2987 1455 3016 1493 a
3044 1448 3099 1495 te
3145 1439 3356 1494 audire.
3408 1437 3488 1501 Si,
3517 1440 3716 1510 inquit,

2140 1528 2347 1598 liquido
2392 1530 2534 1600 apud
2561 1536 2618 1584 te
2645 1538 2887 1595 constat,
2937 1530 3085 1601 quod
3130 1530 3334 1587 mentis
3380 1538 3436 1587 et
3481 1532 3719 1587 rationis

2139 1622 2278 1693 opus
2309 1622 2515 1693 inipsis
2541 1632 2645 1687 est,
2674 1630 2787 1677 tum
2833 1623 3050 1679 demum
3097 1625 3195 1679 tibi
3243 1626 3406 1681 etiam
3447 1640 3547 1680 cur
3580 1626 3721 1680 facta

2141 1720 2291 1775 sunt,
2320 1712 2501 1769 dicere
2552 1730 2659 1768 non
2715 1715 2919 1786 pigebit
2965 1723 3021 1770 et
3060 1714 3210 1786 quod
3242 1716 3393 1787 juste
3421 1715 3564 1771 facta
3609 1718 3722 1773 sint

2142 1805 2397 1861 edocere.
2424 1806 2504 1861 Ad
2539 1806 2653 1862 btec
2699 1822 2863 1863 senex
2916 1808 3245 1877 respondit:
3300 1807 3419 1863 Non
3468 1825 3721 1880 possum.

460 1901 558 1956 dit.
598 1902 676 1956 lta
712 1918 842 1973 ergo
874 1911 928 1957 et
952 1918 1117 1958 arcus
1143 1903 1467 1974 exprimitur
1494 1904 1550 1957 in
1581 1918 1738 1970 aere;
1782 1904 1863 1958 sol
1894 1906 2039 1959 enim
2073 1886 2117 1946 Β
2145 1897 2240 1962 ﬁli,
2278 1913 2342 1952 ea
2369 1914 2489 1969 qua:
2511 1898 2764 1954 videntur
2812 1914 2878 1953 ex
2925 1907 3043 1954 arte
3096 1899 3360 1965 formata,
3409 1901 3593 1957 dicere
3618 1918 3723 1974 per

460 1992 705 2047 nubibus
739 1992 1150 2047 rarescentibus
1207 1991 1393 2047 radios
1448 2007 1580 2047 suos
1615 1992 1955 2063 imprimens,
1986 2002 2041 2047 et

462 2081 679 2135 humori
721 2081 910 2135 nubilo
960 2082 1112 2136 velut
1144 2096 1285 2137 cerae
1317 2081 1468 2135 molli
1503 2081 1731 2152 affigens
1777 2083 1925 2137 orbis
1957 2082 2041 2139 sui

460 2181 674 2244 typum,
702 2188 865 2228 arcus
900 2175 1135 2244 speciem
1161 2172 1360 2239 reddit,
1397 2180 1450 2228 et
1491 2174 1661 2229 efficit
1694 2173 1798 2229 hoc
1821 2174 1958 2244 ipsa,
1984 2182 2043 2230 ut

459 2264 597 2327 dixi,
633 2266 981 2334 repercussio
1016 2266 1328 2336 splendoris
1355 2267 1487 2322 solis
1518 2267 1572 2320 in
1598 2265 2043 2336 nubibus,atque

459 2374 528 2412 ex
564 2357 671 2411 illis
728 2356 997 2427 fulgorem
1032 2359 1225 2413 circuli
1274 2358 1395 2428 ejus
1434 2359 1689 2415 reddens.
1741 2358 1826 2412 Fit
1858 2368 2039 2415 autem

466 2449 573 2504 hoc
622 2466 732 2506 non
792 2467 1044 2522 semper,
1116 2453 1212 2508 sed
1259 2469 1385 2507 cum
1436 2453 1901 2524 Opportunitatem
1957 2453 2040 2509 sui

464 2543 736 2599 humecta:
765 2544 941 2599 nubes
994 2545 1326 2599 rarescendo
1360 2546 1736 2616 praestiterint.
1789 2542 1947 2599 Unde
1990 2551 2045 2599 et

460 2650 658 2690 rursus
681 2650 804 2689 cum
839 2633 1142 2691 densantur
1159 2637 1334 2692 nubes
1362 2645 1416 2691 et
1444 2646 1663 2703 coeunt,
1690 2653 1851 2693 arcus
1870 2636 2043 2691 forma

463 2726 760 2779 resolvitur
787 2733 842 2779 et
868 2727 1149 2790 exolescit,
1187 2728 1421 2799 denique
1452 2745 1731 2799 nunquam
1757 2716 1890 2785 sine.
1930 2727 2045 2784 sole

464 2825 519 2872 et
555 2817 796 2872 nubibus
848 2833 1009 2872 arcus
1043 2828 1290 2890 apparet,
1345 2820 1491 2876 sicut
1521 2837 1622 2876 nec
1652 2823 1771 2877 sine
1822 2831 1950 2893 typo
1990 2827 2045 2878 et

463 2924 591 2963 cera
622 2910 707 2964 vel
732 2911 835 2964 alia
872 2911 1186 2980 bujusmodi
1225 2915 1451 2968 materia
1485 2915 1810 2984 exprimitur
1841 2915 2041 2987 imago.

465 3002 585 3059 Non
616 3021 744 3075 ergo
768 3007 965 3059 mirum
998 3013 1102 3069 est,
1152 3007 1197 3060 si
1230 3006 1483 3060 conditor
1511 3004 1654 3059 Deus
1685 3021 1751 3059 ex
1777 3005 1933 3059 initio
1962 3005 2043 3061 fe¢

465 3097 542 3150 cit
584 3105 766 3169 typos,
801 3114 865 3153 ex
901 3098 1101 3167 quibus
1154 3113 1301 3152 nunc
1351 3099 1538 3152 formae
1580 3097 1954 3165 exprimantur
1980 3112 2044 3152 ac

470 3190 704 3259 species.
740 3189 928 3244 Simile
964 3200 1143 3243 autem
1187 3190 1290 3243 hoc
1340 3196 1395 3243 et
1429 3189 1525 3251 illi,
1568 3189 1715 3257 quod
1770 3188 1837 3242 ab
1887 3188 2044 3243 initio

468 3278 615 3334 Deus
637 3280 905 3333 elementa
933 3277 1276 3333 insensibilia
1308 3278 1533 3341 creavit,
1585 3279 1786 3348 quibus
1815 3277 1879 3331 ad
1922 3278 2051 3333 reli-

469 3387 577 3442 qua
601 3372 783 3426 omnia
814 3370 1096 3423 formanda
1121 3380 1173 3423 et
1200 3369 1522 3439 explicanda
1568 3377 1836 3424 uteretur.
1868 3368 1970 3425 Sed
2000 3379 2055 3427 et

469 3463 565 3532 qui
592 3469 803 3515 statuas
833 3460 1109 3523 formant,
1163 3467 1350 3531 typum
1378 3460 1532 3531 prius
1559 3461 1655 3514 luti
1683 3461 1765 3515 vel
1792 3476 1931 3517 certe
1960 3462 2055 3517 ﬁn-

471 3564 628 3628 gunt,
656 3563 711 3610 et
736 3570 800 3611 ex
826 3555 947 3626 ipso
972 3554 1223 3611 redditur
1247 3562 1441 3610 statuae
1464 3554 1830 3623 efﬁgies;tum
1858 3556 2056 3611 deinde

478 3659 536 3706 et
565 3650 758 3705 umbra
786 3648 1033 3705 redditur
1058 3666 1125 3704 ex
1150 3656 1353 3712 statua,
1385 3664 1504 3719 qua:
1528 3648 1719 3702 umbra
1749 3664 1848 3719 per
1871 3648 2056 3703 omnia

479 3741 710 3797 formam
740 3757 802 3796 ac
831 3741 1243 3797 similitudinem
1279 3750 1476 3796 statua:
1523 3741 1680 3810 gerit.
1731 3740 1871 3806 Quid
1920 3756 2053 3812 ergo

473 3835 720 3889 dicemus
744 3833 1112 3889 insensibilem
1137 3842 1375 3888 statuam
1400 3830 1638 3886 formare
1661 3832 2055 3896 umbram,tam

475 3927 719 3998 diligenti
748 3941 910 3997 quam
940 3928 1057 3996 ipsa
1083 3932 1264 3981 statua
1292 3931 1375 3979 est
1402 3924 1616 3979 ratione
1638 3924 1962 3979 collectam?
1986 3940 2055 3979 an

477 4019 555 4073 illi
596 4019 715 4074 sine
742 4019 910 4073 dubio
966 4017 1278 4073 ascribetur
1306 4016 1514 4072 umbrae
1556 4016 1839 4083 collectio,
1886 4017 2057 4087 quiet

474 4118 713 4167 statuam
741 4109 936 4165 ﬁnxit?

549 4202 733 4258 XLlll.
766 4202 823 4255 Si
867 4200 1118 4271 ergotibi
1144 4201 1361 4256 videtur
1398 4200 1500 4257 hoc
1528 4200 1602 4255 ita
1648 4217 1707 4257 se
1754 4201 1955 4258 habere
2003 4210 2058 4256 et

474 4299 681 4356 sufﬁcit
704 4297 850 4368 quod
877 4295 945 4352 de
995 4296 1098 4351 hoc
1125 4295 1327 4350 dictum
1356 4304 1461 4359 est,
1488 4296 1556 4349 ad
1583 4296 1687 4350 alia
1733 4294 2057 4365 inquirenda

475 4393 789 4458 veniamus;
821 4399 912 4445 aut
938 4391 981 4444 si
1012 4389 1215 4461 aliquid
1267 4389 1446 4444 adhuc
1473 4388 1665 4445 deesse
1688 4398 1871 4458 putas,
1902 4406 2058 4459 repe-

476 4494 678 4540 tamus.
709 4483 774 4537 Et
797 4499 963 4539 senex
989 4484 1066 4537 ait
1094 4502 1107 4538 :
1136 4482 1271 4537 Volo
1300 4491 1358 4537 ut
1407 4490 1623 4552 repetas
1651 4480 1719 4536 de
1748 4483 1871 4545 hoc,
1924 4493 2054 4538 sunt

2143 1998 2377 2045 mentem
2408 1988 2545 2055 ﬁeri,
2580 1998 2806 2061 propter
2856 1998 3049 2047 caetera
3094 2007 3216 2062 qua:
3252 1992 3457 2063 injuste
3491 2001 3544 2049 et
3571 1996 3725 2049 inor-

2144 2082 2327 2138 dinate
2358 2081 2470 2139 ﬁeri
2497 2082 2744 2139 videmus
2768 2084 2821 2137 in
2866 2083 3090 2140 mundo.
3119 2084 3176 2139 Si
3202 2091 3277 2149 te.
3305 2086 3482 2156 inquit
3504 2087 3725 2156 Aquila,

2143 2190 2205 2230 ea
2234 2190 2354 2246 qua:
2379 2175 2686 2230 inordinate
2718 2176 2874 2239 ﬁunt,
2922 2176 3103 2232 dicere
3132 2178 3277 2248 quod
3305 2195 3401 2250 per
3426 2179 3728 2235 Providen-

2144 2264 2273 2318 tiam
2314 2265 2406 2321 Dei
2435 2265 2579 2320 facta
2616 2268 2723 2321 sint
2762 2281 2869 2321 non
2899 2267 3109 2331 sinunt,
3138 2285 3240 2324 cur
3265 2285 3375 2325 non
3401 2287 3464 2327 eo
3490 2288 3610 2342 quae
3634 2288 3729 2326 or-

2145 2357 2332 2414 dinate
2360 2358 2515 2423 ﬁunt,
2542 2359 2726 2417 dicere
2747 2369 2801 2415 te
2826 2362 2968 2431 quod
2996 2376 3027 2415 a
3058 2361 3167 2417 Deo
3190 2362 3332 2419 facta
3358 2365 3467 2421 sint
3494 2375 3727 2437 cogunt,

2146 2459 2199 2505 et
2231 2453 2358 2522 quia
2394 2453 2793 2509 irrationabilis
2817 2462 3014 2509 natura
3074 2469 3214 2525 opus
3240 2458 3562 2513 rationabile
3594 2474 3727 2530 pro-

2146 2541 2290 2599 ferre
2338 2560 2447 2599 non
2481 2545 2697 2609 possit?
2744 2543 2970 2601 Certum
3015 2555 3100 2602 est
3146 2547 3316 2612 enim,
3368 2564 3471 2604 nec
3502 2551 3731 2605 omnino

2145 2650 2431 2706 negamus,
2484 2637 2612 2708 quia
2664 2638 2718 2691 in
2764 2637 2870 2692 hoc
2919 2636 3123 2693 mundo
3168 2638 3415 2709 quaedam
3454 2642 3726 2707 ordinate,

2145 2727 2392 2798 quaedam
2448 2727 2753 2784 inordinate
2805 2730 2965 2797 flant;
3009 2745 3072 2785 ea
3121 2745 3252 2801 ergo
3308 2748 3429 2802 quae
3483 2735 3731 2789 rationa-

2144 2818 2333 2875 biliter
2382 2820 2537 2884 ﬁunt,
2578 2821 2740 2877 crede
2795 2820 2943 2891 quod
2991 2837 3088 2893 per
3132 2824 3533 2880 Providentiam
3572 2828 3725 2892 fiant,

2146 2928 2267 2982 qua:
2319 2927 2451 2967 vero
2497 2912 2947 2969 irrationabiliter
2984 2923 3040 2969 et
3084 2916 3396 2972 inordinate
3421 2957 3435 2981 ,
3470 2919 3597 2988 quia
3623 2933 3730 2972 n2-

2147 3005 2394 3059 turaliter
2447 3007 2699 3059 eveniant
2748 3013 2801 3060 et
2854 3006 3080 3062 fortuito
3123 3009 3392 3067 accidant.
3434 3010 3599 3065 Miror
3628 3026 3732 3064 au-

2146 3102 2255 3150 tem
2308 3112 2418 3150 non
2472 3095 2757 3152 advertere
2809 3098 3078 3161 homines,
3105 3101 3232 3170 quia
3282 3102 3372 3156 ubi
3401 3118 3595 3158 sensus
3620 3112 3731 3165 est,

2152 3193 2384 3257 possunt
2413 3202 2502 3241 res
2532 3186 2783 3243 ordinate
2820 3187 2933 3243 ﬁeri
2965 3197 3019 3245 et
3046 3186 3377 3256 inordinate,
3412 3192 3502 3246 ubi
3542 3201 3729 3245 autem

2155 3279 2338 3333 nullus
2368 3287 2452 3335 est
2490 3295 2707 3345 sensus,
2736 3288 2989 3335 neutrum
3019 3284 3242 3338 omnino
3281 3282 3447 3348 efﬁci;
3487 3300 3612 3337 nam
3644 3301 3738 3339 ra-

2156 3369 2233 3423 tio
2262 3368 2511 3424 ordinem
2544 3370 2693 3437 facit,
2725 3371 2935 3427 ordinis
2966 3379 3148 3427 autem
3197 3388 3414 3435 cursus,
3442 3373 3487 3427 si
3510 3382 3741 3427 contra-

2157 3461 2300 3516 rium
2337 3464 2466 3533 quid
2499 3464 2761 3521 acciderit
2790 3467 2935 3535 quod
2957 3468 3202 3523 ordinem
3234 3468 3735 3530 turbet,.necessa-

2156 3554 2240 3606 rio
2285 3552 2656 3609 inordinatum
2713 3556 2919 3627 aliquid
2975 3556 3205 3628 profert.
3264 3557 3330 3611 Et
3366 3573 3567 3614 senex:
3619 3558 3737 3614 Hoc

2157 3644 2335 3714 ipsum
2376 3646 2508 3700 mihi
2547 3660 2575 3699 a
2606 3654 2662 3701 te
2688 3648 2905 3703 ostendi
2928 3650 3070 3703 volo.

2229 3733 2390 3791 XLV.
2422 3735 2564 3802 Non,
2590 3738 2791 3810 inquit,
2820 3742 3076 3796 morabor
3102 3740 3318 3811 Aquila.
3351 3743 3470 3798 Duo
3494 3742 3739 3799 visibilia

2157 3826 2313 3899 signa
2335 3839 2715 3887 monstrantur
2758 3833 2814 3887 in
2867 3834 3027 3899 coelo,
3063 3850 3232 3890 unum
3284 3837 3436 3900 solis,
3472 3837 3619 3891 aliud
3647 3838 3735 3891 lu-

2157 3935 2275 3986 nae;
2310 3921 2422 3976 haec
2452 3932 2757 3992 sequuntur
2776 3932 2831 3979 et
2863 3925 2981 3980 alia:
3002 3927 3244 3998 quinque
3274 3928 3463 3993 stellae,
3490 3927 3740 3984 diversos

2157 4019 2210 4065 et
2234 4012 2489 4082 proprios
2523 4015 2751 4085 singulae
2794 4016 3131 4086 explicantes
3187 4036 3404 4075 cursus.
3455 4019 3579 4076 Haec
3610 4038 3743 4093 ergo

2157 4102 2300 4159 Deus
2328 4107 2510 4175 posuit
2535 4106 2590 4161 in
2626 4107 2783 4172 caelo,
2803 4110 3002 4179 quibus
3034 4112 3177 4166 aeris
3199 4114 3496 4182 temperies
3529 4128 3628 4184 pro
3653 4130 3744 4167 ra-

2157 4196 2308 4251 tione
2338 4204 2645 4269 temporum
2672 4194 3039 4272 dispensetur,
3064 4214 3116 4261 et
3137 4204 3274 4258 ordo
3294 4206 3741 4261 vicissitudinum

2159 4291 2732 4363 permutationumque
2761 4302 3025 4349 servetur.
3051 4294 3255 4350 Horum
3287 4305 3466 4353 autem
3495 4302 3742 4367 ipsorum

2159 4382 2487 4447 ministerio,
2540 4390 2595 4439 et
2645 4384 2691 4438 si
2741 4385 2961 4454 quando
3008 4402 3109 4457 pro
3149 4390 3390 4457 peccatis
3453 4389 3741 4445 hominum

2158 4476 2315 4548 plaga
2345 4486 2399 4532 et
2424 4479 2706 4547 corruptio
2736 4480 2898 4534 terris
2926 4479 3192 4549 injicitur,
3220 4484 3574 4552 perturbatur
3622 4500 3741 4549 aer,

483 4575 633 4630 enim
663 4584 715 4630 et
737 4574 841 4627 alia
870 4575 1039 4628 multa
1067 4589 1189 4645 qua:
1213 4576 1465 4629 similiter
1494 4574 1608 4629 ﬁeri
1638 4574 1825 4641 video;
1854 4590 1979 4629 nam
2006 4584 2059 4632 et
2092 4578 2134 4633 D
2163 4569 2282 4624 lues
2315 4570 2710 4633 animantibus.
2741 4573 3024 4642 corruptio
3055 4571 3325 4644 Γΐυεὶὶιυε,
3350 4575 3615 4643 pestilens
3648 4592 3750 4647 per

480 4667 699 4722 fructus
745 4667 1002 4722 arborum
1029 4667 1194 4721 simili
1230 4666 1392 4720 modo
1418 4667 1647 4737 pulchre
1676 4665 1893 4721 formati
1920 4675 1973 4721 et
1998 4669 2052 4724 in

479 4760 772 4814 rotundum
821 4760 957 4814 mire
1010 4758 1225 4813 collecti
1274 4766 1620 4822 nascuntur,
1697 4765 1750 4811 et
1800 4758 2055 4815 foliorum

480 4850 692 4921 species
737 4851 943 4921 ingenti
994 4850 1193 4904 decore
1240 4846 1529 4912 formatur,
1584 4857 1749 4918 atque
1783 4850 2057 4919 exquisita

480 4954 599 4998 arte
623 4942 815 4997 viridis
855 4942 1171 4996 membrana
1224 4939 1573 5005 contexitur;
1631 4946 1746 4993 tum
1797 4948 2059 5010 praeterea

483 5038 713 5108 pulices,
743 5050 950 5096 mures,
980 5034 1217 5087 lacertas
1269 5040 1324 5087 et
1353 5032 1437 5086 his
1462 5032 1683 5097 similia,
1712 5031 1957 5103 nunquid
2005 5038 2060 5088 et

481 5131 596 5185 htec
621 5129 921 5183 dicemusa
951 5126 1061 5182 Deo
1114 5125 1268 5181 ﬁeri?
1318 5124 1474 5181 Unde
1520 5143 1583 5182 ex
1636 5126 1722 5181 his
1775 5126 2059 5181 vilioribus

479 5224 799 5293 conjectura
848 5220 1061 5290 capitur
1120 5220 1441 5282 meliorum,
1516 5217 1663 5288 quod
1713 5231 2060 5288 nequaquam

482 5317 681 5370 mentis
712 5324 829 5370 arte
858 5313 1181 5369 formentur.
1211 5311 1375 5377 Bene,
1402 5311 1579 5382 inquit
1623 5311 1837 5381 Aquila,
1866 5311 1933 5366 de
1981 5310 2063 5365 lo—

2163 4660 2345 4714 omnia
2376 4660 2704 4717 mortalibus
2729 4677 2905 4719 annus
2929 4663 3226 4729 inducitur,
3260 4672 3315 4720 et
3339 4665 3413 4719 ita
3445 4665 3524 4731 ﬁt,
3546 4676 3606 4721 ut
3636 4684 3747 4722 uno

2161 4754 2462 4825 eodemque
2491 4755 2798 4812 ministerio
2828 4764 2881 4812 et
2932 4766 3180 4812 servetur
3219 4758 3354 4814 ordo
3385 4766 3439 4814 et
3493 4774 3746 4815 corrumv

2164 4853 2340 4915 patur.
2378 4844 2592 4901 Etenim
2648 4848 2823 4917 palam
2870 4855 2955 4903 est
3018 4849 3315 4906 incredulis
3350 4860 3402 4907 et
3451 4852 3744 4923 imperitis,

2163 4937 2309 5007 quod
2336 4952 2534 4994 cursus
2562 4939 2695 4994 solis
2729 4940 2882 4995 utilis
2924 4947 2977 4994 et
3015 4943 3362 4997 necessarius
3390 4946 3619 5011 mundo,
3649 4960 3751 5014 per

2156 5032 2562 5089 Providentiam
2616 5032 2798 5099 datus,
2847 5048 3063 5104 semper
3119 5034 3406 5092 ordinatus
3448 5036 3747 5102 habeatur;

2165 5124 2306 5178 luna:
2358 5139 2489 5179 vero
2546 5124 2614 5179 ad
2681 5127 3144 5195 comparationem
3205 5144 3404 5185 cursus
3466 5130 3641 5193 solis,
3690 5130 3751 5185 in

2166 5217 2473 5286 augmentis
2519 5224 2573 5272 et
2604 5214 2944 5273 detrimentis
2969 5220 3083 5274 suis
3114 5221 3257 5291 apud
3282 5222 3567 5291 imperitos
3598 5222 3753 5276 inor-

2168 5310 2341 5365 dinati
2401 5325 2599 5365 cursus
2652 5308 2908 5365 videntur
2953 5318 3009 5367 et
3060 5311 3431 5384 incompositi.
3469 5312 3609 5370 Nam
3664 5314 3751 5372 sol

1768 5468 2156 5527 'COTELERII
2184 5470 2413 5527 NOT/E.

562 5614 669 5687 {76)
711 5612 844 5666 Ecce
887 5628 1070 5664 arcum
1115 5608 1443 5687 videntus‘in
1480 5608 1769 5687 _c_(rlq._ctc.
1797 5605 1992 5687 graeca
2017 5606 2065 5661 si

487 5677 697 5740 ma'vis'.
730 5692 785 5738 et
812 5698 912 5736 cur
958 5696 1068 5735 non
1114 5678 1374 5733 mavelis?
1406 5679 1556 5732 dabit
1606 5678 1746 5731 idem
1791 5677 2065 5733 Casarius

487 5754 913 5817 interrogatione
944 5753 1048 5805 115
1078 5770 1091 5804 :
1121 5750 1252 5802 Ἰδοὺ
1278 5750 1374 5817 τῆς
1399 5750 1559 5817 ἴρεως
1590 5747 1873 5817 ὁρωμένης
1904 5748 2065 5817 ἀκρι-

1775 5764 1873 5808 νης
1904 5764 2067 5808 ακρι-

486 5754 913 5822 interrogatione
944 5753 1048 5805 115
1078 5770 1091 5822 ς
1121 5750 1252 5802 Ἰδοὺ
1278 5750 1374 5822 τῆς
1399 5750 1559 5822 ipsa);
1590 5751 1700 5822 ὁρω

2171 5624 2267 5677 μεν
2327 5606 2416 5657 ὑπ’
2444 5605 2657 5677 φύδενὸς
2682 5606 2878 5677 -αὑτὴν
2926 5604 3215 5675 γινομένην
3233 5647 3247 5670 ,
3284 5604 3397 5658 ἀλλ’
3426 5604 3755 5677 αῷτομάτως

2170 5675 2583 5745 συνισταμένην.
2618 5675 2698 5747 Ad
2751 5675 2916 5747 caput
2965 5683 3145 5747 autem
3173 5690 3440 5747 Asequens
3470 5675 3641 5745 legito
3674 5696 3753 5733 re.

2170 5746 2518 5816 sponsionem
2593 5745 2839 5817 ejusdem
2896 5745 3217 5817 qumstionis
3246 5787 3264 5814 ,
3319 5753 3374 5801 et
3430 5756 3757 5815 sequentem

485 5827 556 5907 (ἰῇ
590 5798 942 5908 περῗερὲρξιαν
968 5798 1776 5908 exedens,xa‘E-iﬁvrodevi’qﬁy,
1802 5798 1917 5870 θ’ἶαν
1938 5798 2063 5904 dir,-

2170 5798 2525 5887 qitirstionem
2558 5798 2677 5871 H75.

489 5888 597 5958 οῶς
624 5888 743 5946 οὖδὲ
773 5888 895 5954 νοῦς
929 5888 1263 5963 περιγράψαι
1305 5889 1523 5941 δύναται
1550 5906 1561 5916 ·
1604 5890 1694 5939 καὶ
1734 5889 1881 5957 ὅμως
1929 5890 2062 5959 ὀρῶ-
