4022 6274
419 267 557 335 1395

1572 260 2135 317 ΒΕΟΟΟΝΙΤΙΟΝΠΜ
2180 260 2308 318 LiB.
2348 260 2477 316 Vill.

3530 261 3661 319 1394

417 381 584 436 certis
613 376 1060 435 distinctionibus
1092 382 1146 432 et
1166 374 1437 433 ordinatis
1468 384 1751 443 movetur;
1782 393 1849 433 ex
1868 377 1989 447 ipso
2019 383 2059 439 Α
2089 376 2254 430 etiam
2291 376 2544 432 tremoris
2576 375 2806 447 languor
2834 378 3132 445 advenerit,
3162 388 3216 436 et
3246 380 3389 452 quod
3436 380 3551 438 haec
3593 383 3663 439 ab

416 472 563 526 enim
594 479 721 527 sunt
748 472 915 534 horae,
935 484 1001 524 ex
1035 469 1157 539 ipso
1192 466 1310 523 dies
1369 484 1494 523 cuni
1547 469 1881 533 ascenderit,
1922 484 1991 523 ex

421 564 541 632 ipso
573 563 736 618 etiam
763 576 870 616 nox
898 574 1023 614 cum
1076 558 1374 623 occiderit,
1425 575 1492 613 ex
1526 560 1645 629 ipso
1693 576 1910 616 menses
1936 568 1992 616 et

421 654 547 709 anni
572 660 952 715 numerantur,
978 666 1043 705 ex
1099 652 1219 723 ipso
1246 654 1656 711 vicissitudines
1684 664 1988 726 temporum

421 747 575 813 ﬁunt,
604 745 731 800 dum
760 744 829 798 ad
882 749 1167 813 superiora
1223 746 1600 802 conscendens
1656 764 1751 802 ver
1782 756 1989 817 tempe-

418 844 523 902 rat,
553 835 643 890 ubi
665 840 845 889 autem
875 834 943 887 ad
993 849 1267 889 summum
1305 836 1430 890 εωιὶ
1490 839 1719 901 venerit,
1767 837 1987 893 aestivos

416 927 663 984 accendit
698 927 945 993 calores;
978 925 1241 983 decidens
1268 942 1465 984 rursus
1497 930 1745 984 autumni
1780 938 1987 1001 tempe-

415 1022 547 1076 riem
572 1018 768 1084 reddit,
794 1019 887 1072 ubi
912 1033 1042 1073 vero
1072 1017 1140 1072 ad
1197 1018 1509 1075 inferiorem
1557 1021 1781 1076 redierit
1805 1021 1987 1075 circu-

413 1114 546 1176 lum,
574 1126 641 1165 ex
664 1109 875 1181 glaciali
898 1124 1162 1181 compage
1184 1111 1308 1166 cwli
1334 1113 1568 1183 rigorem
1596 1113 1754 1168 nobis
1774 1111 1985 1167 hiberni

412 1203 633 1274 frigoris
662 1201 1012 1272 derelinquit.
1232 1268 1245 1287 Α

478 1294 663 1350 XLVI.
723 1293 830 1348 Sed
861 1293 928 1348 de
966 1294 1052 1349 his
1076 1295 1213 1351 alias
1242 1295 1407 1353 latius
1429 1296 1786 1354 disseremus.
1819 1296 1982 1354 Nunc

410 1389 653 1451 interim,
685 1402 809 1441 eum
846 1387 918 1441 sit
948 1387 1051 1443 iste
1094 1390 1346 1445 minister
1387 1390 1587 1455 bonus,
1621 1390 1689 1445 ad
1712 1390 1983 1446 vicissitu-

405 1481 563 1536 dines
584 1488 890 1555 temporum
928 1480 1310 1546 moderandas,
1346 1490 1529 1538 tamen
1566 1483 1654 1537 ubi
1678 1482 1978 1539 secundum

404 1572 738 1626 voluntatem
796 1568 892 1623 Dei
917 1572 1191 1642 correptio
1224 1575 1547 1629 mortalibus
1574 1575 1758 1639 datur,
1793 1576 1979 1629 incan-

402 1664 578 1719 descit
633 1666 817 1721 aerius
870 1670 924 1718 et
980 1666 1092 1718 urit
1152 1665 1416 1720 mundum
1476 1666 1976 1723 vehementioribus

2093 469 2253 524 initio
2288 468 2452 525 fuerit
2481 468 2721 523 vindicta
2744 471 3021 540 parricidii
3045 473 3112 528 ".

2161 558 2391 615 XLVIII.
2431 558 2567 615 Nam
2594 560 2664 615 ab
2690 561 2901 631 origine
2932 564 3125 623 mundi,
3145 565 3278 619 nihil
3308 565 3504 621 horum
3535 565 3659 633 fuit,

2088 650 2185 706 sed
2213 668 2278 707 ex
2309 651 2587 722 impietate
2620 650 2895 704 hominum
2927 652 3140 707 initium
3172 655 3312 709 mala
3364 656 3465 711 ista
3511 672 3664 711 sum-

2087 758 2265 812 psere,
2294 750 2348 798 et
2396 742 2522 797 inde
2565 758 2777 812 semper
2806 745 3182 801 crescentibus
3205 748 3584 817 iniquitatibus
3611 761 3666 806 et

2086 834 2350 888 malorum
2384 848 2645 889 numerus
2666 832 2857 888 crevit.
2885 833 2991 889 Sed
3020 836 3225 892 idcirco
3256 839 3437 893 divina
3468 840 3659 895 Provi-

2085 925 2268 981 dentia
2310 925 2575 995 judicium
2626 940 2754 995 erga
2803 940 2992 982 omnes
3038 928 3251 994 statuit,
3282 929 3404 999 quia
3421 948 3661 1001 praisens

2086 1019 2344 1073 saeculum
2379 1033 2485 1071 non
2518 1026 2629 1072 erat
2663 1018 2793 1081 tale,
2827 1019 2881 1072 in
2928 1036 3038 1090 quo
3086 1022 3459 1092 unusquisque
3488 1028 3663 1096 possit

2087 1125 2186 1179 pro
2236 1110 2446 1165 meritis
2492 1109 2821 1179 dispensari.
2850 1109 2969 1164 Non
3001 1127 3127 1181 ergo
3173 1128 3239 1167 ex
3273 1114 3378 1179 his,
3410 1132 3530 1185 qua:
3563 1134 3661 1186 pro

2083 1202 2323 1273 peccatis
2373 1202 2654 1256 hominum
2706 1202 3267 1270 mundoacciderunt
3322 1208 3515 1272 malis,
3567 1209 3657 1263 illa

2080 1292 2501 1362 contemplanda
2545 1299 2694 1355 sunt,
2730 1307 2850 1362 quae
2879 1291 2949 1345 ab
2977 1291 3131 1347 initio
3161 1310 3282 1348 cum
3328 1298 3489 1352 nulla:
3535 1301 3662 1353 mali

2082 1401 2262 1442 causa:
2318 1388 2640 1451 existerent,
2686 1387 2821 1442 bene
2849 1395 2903 1441 et
2934 1388 3184 1444 ordinate
3216 1393 3465 1445 instituta
3504 1402 3654 1448 sunt.

2079 1475 2325 1548 Denique
2356 1479 2422 1533 ad
2450 1478 2711 1532 indicium
2742 1494 2930 1533 eorum
2957 1495 3077 1549 quae
3100 1480 3167 1535 ab
3190 1482 3346 1536 initio
3376 1483 3547 1548 fuere,
3576 1483 3660 1539 in-

2078 1570 2374 1623 veniuntur
2437 1570 2714 1624 nonnulla:
2764 1578 2952 1641 gentes
2998 1572 3188 1627 aliena:
3234 1574 3302 1627 ab
3348 1574 3657 1644 hujusmodi

2079 1661 2257 1715 malis.
2290 1659 2424 1715 Nam
2474 1659 2635 1716 Seres
2671 1661 2781 1733 (77)
2812 1663 2941 1732 quia
2972 1674 3122 1719 caste
3146 1664 3367 1729 vivunt,
3404 1678 3658 1737 expertes

402 1757 655 1814 ﬂammis.
694 1757 960 1815 Similiter
988 1765 1043 1814 ει
1084 1757 1225 1813 luna;
1249 1773 1467 1823 cursus,
1499 1768 1662 1831 atque
1696 1759 1810 1815 hac
1854 1777 1975 1831 qua;
2008 1737 2049 1792 Β
2078 1750 2347 1805 habentur
2376 1751 2570 1806 horum
2603 1752 2867 1819 omnium,
2893 1755 3022 1824 quia
3069 1770 3246 1825 neque
3289 1764 3410 1825 post
3459 1773 3659 1814 conce-

402 1850 669 1920 imperitis
694 1852 907 1907 videtur
960 1851 1267 1906 inordinata
1290 1854 1640 1922 permutatio,
1666 1853 1975 1909 incremen-

400 1941 471 1995 tis
518 1940 735 2012 frugutn
786 1953 842 1999 et
887 1944 1155 2013 pecudum
1215 1945 1570 2014 omniumque
1611 1945 1972 1999 animantium

398 2032 683 2085 commoda
716 2042 832 2099 est;
863 2034 1166 2105 augmentis
1194 2036 1337 2089 enim
1367 2033 1487 2104 ejus
1521 2034 1973 2106 detrimentisque

399 2125 535 2178 mira
565 2124 796 2194 quadam
827 2126 1187 2181 Providentiae
1215 2134 1335 2182 arte
1366 2142 1527 2182 omne
1553 2126 1697 2198 quod
1733 2128 1994 2199 gignitur,

397 2214 563 2268 alitur
582 2223 636 2270 et
670 2216 892 2281 crescit,
927 2217 993 2272 de
1026 2217 1225 2287 quibus
1286 2218 1449 2273 latius
1485 2218 1745 2295 prosequi
1782 2233 1974 2288 posse-

398 2322 520 2361 mus
548 2314 602 2361 et
631 2306 844 2376 aperire
874 2308 940 2362 de
972 2307 1205 2378 singulis
1237 2308 1525 2373 rationem,
1582 2309 1688 2364 nisi
1719 2324 1820 2363 nos
1845 2324 1973 2379 pro-

396 2398 587 2465 posita;
615 2397 934 2467 quaestionis
964 2399 1099 2453 ordo
1135 2407 1436 2455 revocaret.
1462 2399 1557 2454 His
1600 2408 1783 2456 tamen
1834 2400 1970 2471 ipsis

394 2489 713 2560 eisdemque
756 2490 1078 2547 ministeriis
1115 2493 1317 2563 quibus
1367 2493 1687 2564 gignuntur,
1724 2493 1968 2558 aluntur,

395 2590 663 2652 augentur
713 2584 1010 2650 universa;
1078 2599 1203 2639 eum
1262 2585 1425 2642 fuerit
1466 2585 1616 2656 justa
1681 2587 1863 2658 aliqua
1902 2602 1971 2643 ex

394 2688 559 2730 causa
618 2674 829 2731 ordinis
871 2677 1107 2731 instituti
1165 2685 1375 2733 mutata
1430 2679 1739 2748 temperies,
1774 2694 1968 2733 corru-

396 2764 508 2835 ptio
530 2766 707 2820 oritur
735 2776 792 2822 et
842 2769 1283 2840 intemperantia,
1322 2779 1381 2825 ut
1435 2770 1490 2825 in
1544 2771 1792 2827 homines
1813 2809 1828 2836 ,
1859 2772 1962 2827 sic-

396 2861 456 2907 ut
501 2870 667 2924 supra
717 2856 981 2924 diximus,
1048 2861 1338 2933 castigatio
1371 2861 1466 2919 Dei
1526 2865 1806 2920 voluntate
1838 2881 1969 2935 pro-

395 2947 574 3003 cedat.

2073 1851 2226 1912 ptum
2278 1844 2415 1897 adiri
2469 1846 2608 1898 ultra
2641 1846 2783 1914 apud
2813 1860 2908 1900 eos
2937 1845 3195 1901 feminam
3228 1847 3310 1903 fas
3341 1860 3445 1916 est,
3481 1867 3658 1922 neque

2074 1950 2197 1989 cum
2222 1946 2521 2006 purgatur;
2557 1938 2819 1993 carnibus
2853 1939 2926 1994 ibi
2960 1940 3256 1996 immundis
3286 1958 3445 1997 nemo
3478 1946 3659 2000 vesci-

2074 2036 2185 2092 tur,
2220 2029 2487 2084 sacriﬁcia
2518 2045 2682 2083 nemo
2714 2032 2884 2094 novit,
2916 2033 3218 2086 secundum
3247 2033 3512 2103 justitiam
3539 2051 3658 2090 om-

2073 2136 2171 2175 nes
2201 2121 2304 2176 sibi
2332 2121 2466 2190 ipsis
2492 2120 2706 2190 judices
2743 2120 2898 2178 ﬁunt.
2933 2121 3145 2178 Idcirco
3178 2124 3342 2193 igitur
3371 2141 3546 2196 neque
3566 2143 3659 2181 ca-

2073 2211 2345 2282 stigantur
2382 2211 2504 2266 istis
2535 2212 2708 2281 plagis
2739 2228 2877 2282 quas
2913 2228 3080 2284 supra
3112 2215 3372 2281 diximus,
3401 2224 3453 2272 et
3487 2218 3658 2286 pluri-

2073 2319 2221 2357 mum
2257 2304 2516 2373 temporis
2548 2304 2602 2357 in
2630 2305 2739 2358 vita
2768 2304 3051 2370 durantes,
3084 2308 3291 2378 absque
3333 2310 3657 2380 aegritudine

2074 2394 2269 2449 ﬁniunt
2298 2395 2486 2450 vitam.
2520 2393 2630 2449 Nos
2656 2403 2836 2449 autem
2869 2398 3075 2463 miseri,
3108 2400 3253 2453 velut
3286 2416 3408 2453 cum
3437 2417 3657 2472 serpen-

2072 2486 2219 2541 tibus
2266 2485 2523 2555 pessimis
2564 2485 2955 2550 babitantes",
2984 2504 3108 2543 cum
3168 2490 3481 2546 hominibus
3529 2492 3655 2551 dico

2069 2576 2294 2648 iniquis,
2333 2576 2658 2648 perferimus
2687 2580 3002 2635 necessario
3046 2596 3170 2635 cum
3222 2582 3357 2651 ipsis
3406 2584 3654 2639 afﬂictio-

2068 2685 2200 2724 num
2252 2670 2438 2742 plagas
2490 2670 2545 2724 in
2597 2670 2701 2726 hoc
2747 2672 2971 2737 mundo,
3005 2672 3099 2727 sed
3128 2689 3277 2744 spem
3306 2676 3543 2745 gerimus
3584 2692 3651 2731 ex

2070 2761 2446 2817 consolatione
2478 2762 2785 2817 futurorum
2814 2763 3106 2820 bonorum.

2140 2851 2325 2909 XLIX.
2369 2853 2425 2908 Si
2455 2865 2677 2927 propter
2708 2856 3048 2926 iniquitates,
3077 2858 3255 2929 inquit
3292 2876 3481 2927 senex,
3511 2860 3649 2916 aiio-

2068 2964 2192 3003 rum
2221 2947 2540 3002 cruciantur
2565 2949 2729 3002 etiam
2759 2949 2917 3019 justi,
2938 2950 3363 3019 oportuitDeum
3389 2959 3651 3022 tanquam

464 3035 672 3091 XLVII.
706 3006 832 3096 ‘Sed
871 3041 1108 3100 fortasse
1154 3045 1305 3102 dices
1336 3064 1349 3100 ε
1396 3044 1558 3112 Quid,
1593 3046 1739 3116 quod
1770 3046 1825 3100 in
1859 3046 1964 3100 ista
1992 3078 2034 3136 Ο
2068 3038 2406 3109 provisorem
2437 3037 2631 3107 jubere
2662 3006 3000 3103 hominibus,
3035 3047 3098 3092 ut
3146 3056 3254 3093 non
3294 3006 3536 3095 facerent
3561 3057 3647 3107 ea,

393 3131 672 3185 communi
721 3134 1079 3204 castigatione
1140 3136 1340 3191 similia
1392 3135 1543 3206 impii
1598 3137 1882 3207 patiuntur
1911 3144 1967 3191 et

393 3222 503 3293 pii?
533 3220 733 3278 Verum
758 3232 863 3289 est,
891 3226 1055 3280 etiam
1095 3242 1196 3283 nos
1248 3227 1483 3283 fatemur
1508 3246 1523 3295 ;
1553 3228 1645 3283 sed
1676 3229 1781 3299 piis
1803 3230 1967 3283 casti-

392 3315 539 3383 gatio
564 3316 629 3370 ad
653 3318 956 3386 profectum
982 3318 1144 3384 cedit,
1176 3326 1236 3373 ut
1284 3319 1338 3374 in
1368 3331 1622 3390 praesenti
1662 3322 1770 3375 vita
1825 3323 1964 3377 alli-

392 3407 465 3460 cti
500 3410 843 3480 purgatiores
885 3411 1104 3465 veniant
1140 3410 1207 3464 ad
1262 3410 1524 3474 futuram,
1579 3412 1633 3465 in
1678 3427 1785 3481 qua
1841 3429 1965 3481 per—

393 3506 550 3567 petua
582 3502 661 3555 eis
689 3505 906 3572 requies
942 3510 1244 3573 przeparata
1276 3511 1385 3565 est,
1412 3502 1575 3557 simul
1607 3514 1785 3557 autem
1822 3510 1881 3557 ut
1913 3512 1966 3557 et

390 3591 543 3662 impii
574 3592 969 3662 aliquantulum
1011 3611 1079 3650 ex
1107 3596 1353 3666 ipsorum
1410 3594 1771 3665 castigatione
1800 3596 1966 3665 proﬁ-

399 3684 582 3748 ciant,
625 3693 719 3739 aut
751 3684 899 3755 justa
938 3686 993 3740 in
1032 3702 1128 3742 eos
1168 3686 1371 3743 feratur
1402 3688 1590 3759 judicii
1631 3686 1798 3744 futuri
1838 3704 1969 3747 scn-

400 3774 565 3829 tentia
586 3815 601 3839 ,
635 3791 757 3830 cum
803 3776 858 3830 in
897 3778 1098 3833 eisdem
1129 3779 1568 3849 castigationibus
1594 3780 1725 3849 justi
1750 3781 1969 3851 quidem

390 3868 594 3936 gratias
627 3870 839 3939 egerint
883 3870 1015 3935 Deo,
1054 3871 1243 3941 injusti
1306 3878 1489 3927 autem
1552 3870 1963 3943 blasphemave-

391 3957 519 4013 rint.
555 3957 722 4029 Igitur
750 3976 874 4015 eum
934 3962 990 4017 in
1029 3962 1168 4018 duas
1218 3971 1404 4032 partes
1456 3977 1638 4016 rerum
1688 3962 1965 4017 dividatur

388 4049 592 4118 opinio,
618 4052 763 4121 quod
794 4053 901 4107 alia
933 4070 1031 4124 per
1050 4055 1323 4119 ordinem,
1355 4055 1461 4108 alia
1490 4062 1685 4109 contra
1713 4055 1962 4110 ordinem

389 4138 521 4192 ﬁant
548 4158 560 4194 :
592 4155 660 4195 ex
697 4141 781 4196 his
804 4143 1025 4212 quidem
1054 4158 1175 4214 quae
1204 4144 1504 4199 secundum
1543 4143 1788 4199 ordinem
1808 4152 1958 4208 sunt,

386 4232 627 4301 oportuit
665 4233 814 4288 credi
844 4247 965 4289 esse
997 4230 1439 4303 Providentiam;
1471 4234 1539 4290 de
1570 4235 1655 4291 his
1679 4250 1811 4290 vero
1840 4250 1962 4304 qua:

385 4332 575 4378 contra
624 4325 869 4381 ordinem
904 4336 1189 4396 geruntur,
1219 4342 1417 4383 causas
1448 4327 1728 4397 requirere
1756 4326 1824 4381 ab
1853 4326 1959 4391 his,

2067 3146 2135 3185 ex
2162 3130 2365 3201 quibus
2395 3145 2621 3185 necesse
2650 3137 2795 3185 esset
2842 3146 2967 3185 ctnn
3014 3131 3236 3200 injustis
3286 3133 3448 3203 afﬂigi
3484 3134 3649 3189 etiam

2062 3223 2264 3293 justos,
2293 3230 2387 3277 aut
2436 3221 2483 3279 si
2516 3220 2760 3277 facerent
2790 3222 3225 3279 emendationem
3264 3226 3521 3295 aliquam,
3555 3235 3649 3280 aut

2067 3316 2500 3387 puriﬁcationem
2560 3315 2768 3370 mundo
2817 3316 3157 3371 adhiberent.
3211 3314 3417 3381 Jussit,
3473 3318 3649 3389 inquit

2065 3409 2283 3479 Aquila,
2318 3407 2461 3463 Deus
2490 3408 2604 3462 haec
2631 3416 2684 3462 et
2710 3407 2857 3463 dedit
2888 3416 3156 3479 praecepta
3202 3424 3296 3478 per
3327 3411 3643 3480 prophetas,

2065 3500 2341 3571 quomodo
2370 3500 2621 3555 homines
2646 3500 2827 3556 vivere
2858 3500 3152 3567 deberent;
3175 3501 3271 3556 sed
3295 3509 3347 3556 et
3374 3502 3486 3557 haec
3516 3519 3649 3558 con-

2067 3600 2422 3663 tempserunt,
2451 3592 2558 3647 imo
2589 3607 2718 3647 vero
2759 3603 2813 3648 et
2852 3609 2947 3649 eos
2981 3594 3025 3649 si
3060 3594 3152 3665 qui
3185 3593 3323 3648 forte
3354 3595 3646 3652 observare

2066 3685 2379 3756 cupiebant,
2408 3684 2640 3741 diversis
2668 3686 2885 3756 injuriis
2922 3679 3251 3744 aﬂlixerunt.
3285 3687 3458 3741 donec
3483 3689 3643 3743 etiam

2066 3775 2216 3846 ipsos
2245 3791 2275 3830 a
2305 3775 2578 3847 preposita
2610 3776 2987 3831 observatione
3010 3775 3329 3844 dejicerent,
3370 3784 3425 3831 et
3458 3776 3524 3831 ad
3551 3778 3635 3831 in—

2064 3868 2405 3923 credulitatis
2456 3868 2814 3924 nihilominus
2869 3876 3146 3923 verterent
3188 3866 3405 3921 turbam
3430 3868 3644 3940 sibique

2063 3960 2271 4015 similes
2305 3959 2600 4015 efﬁcerent.

2134 4049 2196 4105 L.
2237 4048 2529 4121 Propterea
2563 4048 2799 4121 denique
2832 4050 2901 4105 ab
2936 4050 3091 4105 initio
3122 4067 3246 4106 eum
3280 4052 3476 4109 fuisset
3524 4069 3643 4107 om-

2063 4144 2151 4199 nis
2183 4151 2327 4198 terra
2356 4143 2623 4197 maculata
2651 4142 2912 4213 peccatis,
2948 4141 3091 4199 Deus
3137 4144 3400 4197 diluvium
3437 4143 3643 4200 mundo

2063 4234 2297 4296 induxit,
2328 4235 2473 4305 quod
2505 4248 2600 4290 vos
2631 4234 2737 4289 sub
2764 4233 3093 4288 Deucalione
3126 4234 3327 4289 factum
3352 4234 3559 4301 dicitis,
3587 4244 3639 4291 et

2062 4335 2193 4382 tunc
2218 4342 2385 4380 unum
2414 4326 2702 4396 quemdam
2732 4326 2941 4396 justum
2970 4341 3093 4382 cum
3126 4326 3251 4382 ﬁliis
3282 4327 3397 4383 suis
3432 4327 3486 4381 in
3513 4341 3639 4381 arca

384 4414 477 4482 qui
504 4430 600 4471 eas
630 4432 723 4486 per
764 4417 1070 4473 doctrinam
1102 4421 1477 4490 propheticam
1530 4421 1805 4487 didicere;
1842 4421 1965 4491 qui-
1994 4417 2039 4472 D
2069 4423 2388 4483 reservavit,
2420 4428 2473 4474 et
2502 4434 2625 4473 cum
2674 4434 2740 4474 eo
2783 4420 3026 4474 omnium
3062 4420 3331 4474 seminum
3364 4419 3637 4473 omnium—

386 4506 488 4562 bus
514 4509 659 4563 enim
714 4510 1058 4567 innotescere
1102 4513 1280 4583 potuit
1335 4526 1516 4568 sermo
1569 4512 1956 4583 propheticus,

387 4596 569 4652 sciunt
589 4601 813 4669 quando
856 4608 910 4656 et
938 4602 1007 4657 ob
1036 4618 1198 4673 quam
1241 4618 1461 4659 causam
1490 4618 1694 4674 aerugo,
1728 4602 1957 4674 grando,

387 4690 714 4757 pestilentia,
751 4703 807 4749 et
840 4694 1035 4749 horum
1072 4695 1272 4751 similia
1317 4710 1413 4766 per
1437 4696 1679 4766 singulas
1712 4712 1958 4767 quasque

385 4783 761 4846 generationes
788 4792 978 4840 exorta
1016 4787 1147 4851 sint,
1184 4797 1237 4842 et
1264 4802 1332 4841 ex
1361 4786 1559 4857 quibus
1580 4788 1816 4856 peccatis
1843 4790 1959 4846 haec

385 4866 453 4919 ad
476 4867 769 4926 vindictam
798 4874 924 4929 data
956 4875 1087 4939 sint,
1124 4876 1271 4931 unde
1298 4876 1539 4930 humano
1577 4878 1761 4945 generi
1792 4893 1956 4935 causa

388 4957 646 5023 tristitiae,
676 4962 819 5017 unde
847 4967 1079 5036 gemitus
1112 4981 1175 5022 ae
1204 4966 1422 5023 dolores
1463 4966 1785 5033 acciderint,
1813 4971 1957 5025 unde

455 5091 501 5124 ⁸⁸
527 5091 664 5151 Gen.
704 5112 779 5163 tv,
813 5101 880 5155 12
908 5103 962 5158 in
990 5102 1163 5161 LXX.
1238 5105 1285 5138 ”
1319 5104 1516 5162 Ezech.
1546 5122 1611 5175 tt,
1645 5108 1699 5163 6.

2058 4530 2166 4584 que
2197 4512 2555 4566 animantium
2589 4528 2783 4583 genus.
2818 4511 2884 4566 Et
2903 4522 3080 4569 tamen
3098 4515 3261 4569 etiam
3292 4512 3384 4582 qui
3409 4527 3475 4567 ex
3505 4511 3637 4581 ipsis

2059 4606 2173 4661 nati
2196 4612 2344 4668 sunt,
2364 4612 2607 4675 tempore
2638 4603 3028 4668 intercedente,
3049 4620 3242 4661 rursus
3268 4604 3463 4658 similia
3489 4606 3632 4673 prio-

2057 4698 2211 4753 ribus
2258 4703 2457 4766 agunt;
2504 4696 2765 4751 oblivioni
2811 4696 2956 4752 enim
3004 4712 3125 4767 quae.
3170 4696 3482 4751 acciderant
3510 4694 3633 4749 data

2059 4795 2210 4848 sunt,
2241 4787 2316 4840 ita
2348 4793 2407 4841 ut
2439 4787 2638 4855 posteri
2663 4802 2729 4842 ne
2753 4787 2855 4842 hoc
2879 4787 3056 4858 ipsum
3084 4788 3300 4857 quidem
3323 4786 3631 4846 crederent,

2058 4878 2206 4951 quod
2236 4878 2499 4933 diluvium
2534 4878 2733 4932 factum
2772 4888 2875 4935 est.
2910 4878 3063 4935 Unde
3087 4889 3142 4935 et
3172 4879 3360 4934 statuit
3394 4876 3534 4932 Deus
3578 4878 3631 4930 in

2062 4972 2315 5045 praesenti
2362 4971 2578 5027 saeculo.
2607 4972 2751 5026 ultra
2798 4988 2909 5027 non
2955 4971 3070 5029 ﬁeri
3115 4972 3399 5037 diluvium,
3430 4969 3633 5040 alioqui

1680 5258 2060 5316 COTEEERH‘
2085 5259 2321 5316 NOTxE.

459 5388 567 5458 (77)
598 5388 777 5459 Seres.
810 5390 967 5455 Quos
1006 5409 1071 5447 ex
1116 5395 1353 5451 lectione
1397 5394 1717 5459 Strabonis,
1764 5393 1949 5459 Plinii,

384 5458 784 5533 NelteLSolini,
817 5461 1063 5525 aniani,
1098 5464 1365 5520 Ammiani
1401 5458 1723 5528 Marcellini,
1759 5464 1952 5533 Orige-

386 5534 491 5593 nis,
540 5529 783 5590 Eusebii.
816 5533 1060 5594 Caesarii,
1090 5533 1344 5601 Cedreni,
1378 5535 1670 5602 Eustathii,
1710 5529 1955 5602 etc.,'di-

385 5604 591 5656 scimus
632 5602 873 5658 celebres
904 5602 1179 5658 exstitisse
1228 5616 1340 5659 tum
1390 5608 1713 5662 salubritate
1744 5614 1800 5659 et
1829 5609 1953 5660 vitae

383 5672 741 5745 diuturnitate
774 5673 840 5745 ad
868 5681 1142 5745 trecentos
1172 5690 1344 5730 annos
1371 5676 1671 5745 productae,
1698 5684 1811 5731 tum
1838 5677 1954 5731 lau-

383 5744 543 5797 dibus
600 5744 867 5808 lenitatis,
920 5743 1138 5810 quietis,
1191 5743 1540 5814 frugalitatis,
1593 5748 1952 5812 castimoniae,

2050 5394 2294 5469 j_ust_itif.e_
2319 5397 2645 5469 acpietatis.
2683 5396 2803 5463 Quo
2850 5400 3024 5469 magis
3052 5399 3360 5454 mirandum
3398 5402 3562 5457 scribi
3594 5419 3627 5460 a

2058 5466 2115 5520 S.
2144 5465 2445 5540 Epiphanio
2475 5467 2527 5519 in
2560 5466 2901 5540 Expositione
2945 5465 3071 5538 ﬁdei
3095 5510 3108 5531 ,
3145 5487 3199 5523 n.
3234 5472 3321 5529 10.
3356 5472 3497 5540 apud
3530 5474 3629 5527 Se-

2055 5552 2167 5597 ras,
2197 5539 2436 5589 virorum
2467 5538 2920 5593 consuetudinem
2970 5540 3140 5595 fuisse
3168 5538 3505 5597 muliebriter
3548 5545 3629 5597 vi-

2054 5622 2202 5672 vere,
2261 5606 2584 5662 feminarum
2633 5624 2764 5662 vero
2810 5610 3063 5665 viriliter.
3112 5609 3333 5665 Scilicet
3380 5613 3641 5668 attribuit"

2059 5676 2649 5753 Epip_lianius__Seribus
2672 5681 2817 5753 quod
2841 5678 2907 5733 ad
2939 5679 3097 5737 Gclos
3124 5681 3397 5752 pertinet;
3426 5685 3493 5737 de
3514 5685 3603 5753 qui

2059 5748 2161 5803 bus
2191 5747 2329 5802 infra
2366 5748 2458 5804 lib.
2490 5747 2716 5817 tx,_cap’.
2745 5750 2835 5811 2‘2.
3124 5747 3165 5777 ”
