4036 6252
518 232 661 289 1595

1342 235 1397 291 S.
1439 235 1834 291 CLEMENTIS
1875 237 1892 288 Ι
1928 234 2099 290 ΒΟΜ.
2141 234 2343 294 ΡΟΝΤ.
2384 238 2613 297 OPERA
2651 243 2883 302 DUBIA.

3590 262 3700 319 i396

516 349 815 404 secundum
844 350 1103 405 rationein
1143 358 1487 419 peccatorum
1520 367 1743 407 necesse
1775 361 1894 406 erat
1922 352 2087 406 etiam
2117 357 2159 409 A
2191 356 2456 424 apostolis
2485 357 2952 429 pseudoapostoli,
2986 369 3040 415 et
3072 362 3391 419 doctoribus
3414 363 3522 422 falsi
3549 371 3705 429 docto.

515 456 611 509 per
634 441 876 511 singulas
904 442 1284 511 generationes
1319 442 1422 497 hoc
1450 444 1566 499 ﬁeri
1594 443 1929 497 inﬁdelitatis
1959 458 2083 511 gra-

512 532 620 595 tia;
651 532 745 585 sed
789 533 960 602 magis
999 533 1223 589 indulsit
1252 549 1348 603 per
1376 534 1616 603 singulas
1646 542 1833 603 gentes
1861 534 2082 604 angelos

509 624 776 692 quosdam
807 638 968 693 agere
992 624 1353 693 principatum
1379 626 1471 694 qui
1500 625 1658 679 malis
1682 626 1937 694 gaudent,
1956 625 2079 695 qui-

510 714 612 769 bus
640 722 819 770 tamen
853 731 916 770 ea
945 716 1252 771 conditione
1278 724 1521 786 potestas
1564 717 1852 772 adversum
1882 733 2080 771 unum»

508 822 781 877 quemque
809 809 1119 862 mortalium
1150 809 1275 863 data
1302 816 1406 871 cst,
1437 810 1482 863 si
1522 809 1678 879 prius
1717 824 1776 865 se
1809 811 1925 879 ipse
1953 810 2077 880 quis

507 900 785 967 peccando
829 900 908 955 eis
957 900 1175 955 fecisset
1219 901 1541 965 obnoxium,
1586 902 1761 956 donec
1798 902 2077 957 adveniret

504 993 595 1046 ille
623 993 714 1061 qui
738 992 895 1047 bouis
926 992 1139 1061 gaudet,
1173 1000 1227 1045 et
1256 993 1620 1062 compleretur
1645 1009 1741 1064 per
1763 995 1940 1064 ipsum
1972 1011 2075 1049 nu-

503 1099 687 1138 merus
711 1084 1006 1151 justorum.
1038 1094 1092 1138 et
1118 1100 1212 1153 per
1255 1100 1469 1140 omnem
1501 1087 1763 1140 mundum
1792 1096 2075 1143 crescente

502 1175 849 1231 multitudine
902 1180 1136 1245 piorum,
1171 1176 1352 1245 aliqua
1385 1191 1450 1231 ex
1485 1184 1638 1246 parte
1685 1179 2073 1248 reprimeretur

500 1268 756 1338 impietas
786 1277 838 1323 et
868 1269 1233 1323 innotesceret
1262 1269 1538 1336 omnibus,
1569 1270 1697 1340 quia
1740 1286 1902 1326 omne
1926 1271 2071 1342 quod

500 1359 702 1415 bonum
734 1367 816 1415 est
850 1377 879 1414 a
912 1360 1021 1415 Deo
1047 1362 1125 1416 lit.

564 1455 649 1511 LI.
693 1455 771 1509 Ex
798 1456 1009 1511 arbitrii
1045 1464 1225 1509 autem
1268 1458 1517 1514 libertate
1559 1463 1935 1531 unusquisque
1971 1461 2071 1516 ho-

496 1549 701 1602 minum
747 1550 874 1603 dum
923 1550 1238 1607 incredulus
1282 1561 1365 1607 est
1414 1552 1481 1606 de
1516 1554 1736 1614 futuris.
1771 1570 1868 1623 per
1898 1556 2068 1612 malos

2184 460 2293 500 res.
2329 446 2392 501 Et
2424 449 2548 503 inde
2566 460 2653 505 est
2678 450 2821 506 unde
2846 454 2989 521 apud
3014 452 3366 523 philosophos
3385 456 3471 510 alii
3495 472 3702 519 asserunt

2183 538 2603 605 providentiam,
2658 541 2751 595 alii
2797 551 3017 613 negant,
3066 544 3157 597 alii
3207 560 3375 600 unum
3417 544 3586 618 Deum,
3630 554 3704 609 alii

2172 628 2366 685 Plures
2392 631 2710 688 defendunt.
2752 632 2935 704 Usque
2968 635 3033 688 ad
3063 636 3167 689 hoc
3194 652 3283 692 res
3305 636 3703 709 deniquevacces-

2179 720 2270 784 sit,
2301 728 2357 775 ut
2386 738 2508 776 cum
2537 725 2701 779 verbo
2731 724 2822 779 Dei
2848 724 3104 795 fugentur
3132 728 3422 790 daemones.
3464 747 3549 800 per
3584 722 3701 804 quod

2176 824 2298 864 esse
2341 810 2689 867 Providentia
2736 813 3065 879 declaratur,
3096 817 3362 873 invenerit
3405 836 3488 876 ars
3527 827 3703 895 magica

2175 899 2243 952 ad
2269 898 2642 956 inﬁdelitatem
2667 904 3116 969 conﬁrmandam,
3148 908 3419 977 quomodo
3447 911 3592 965 etiam
3618 914 3703 969 hoc

2174 1008 2241 1048 ex
2271 994 2565 1049 contrariis
2588 994 2851 1051 imitetur.
2889 994 2980 1050 Sic
3012 1008 3325 1068 serpentum
3355 1017 3547 1058 venena
3581 1005 3703 1059 miti-

2173 1102 2303 1156 gare
2344 1087 2681 1143 carminibus
2728 1089 3031 1152 inventum,
3062 1098 3116 1145 et
3162 1092 3329 1147 verbo
3376 1108 3437 1147 ac
3483 1100 3701 1164 potestati

2174 1173 2269 1228 Dei
2310 1178 2617 1232 contrarias
2666 1177 2926 1235 inducere
2966 1181 3249 1237 sanitates.
3278 1183 3493 1254 Angelis
3519 1201 3701 1257 quoque

2171 1266 2265 1323 Dei
2295 1270 2571 1324 contraria
2600 1272 2800 1341 reperit
2828 1288 2918 1328 ars
2946 1275 3154 1344 magica
3184 1276 3503 1341 ministeria,
3527 1279 3701 1333 anima-

2170 1376 2290 1415 rum
2326 1363 2715 1418 suscitationes
2759 1372 2949 1420 contra
2986 1366 3100 1421 haec
3148 1375 3203 1421 et
3248 1367 3497 1439 ﬁgmenta
3532 1371 3700 1425 daemo-

2167 1469 2299 1508 num
2345 1469 2573 1524 ponens.
2613 1453 2676 1507 Et
2707 1470 2777 1511 ne
2807 1457 2978 1510 multa
3027 1458 3399 1512 enumerando
3432 1475 3699 1518 sermonem

2170 1543 2382 1615 longius
2412 1545 2646 1612 traham,
2672 1545 2806 1599 nihil
2835 1547 3057 1602 omnino
3084 1557 3167 1603 est
3194 1549 3337 1618 quod
3371 1549 3520 1605 ﬁdem
3546 1552 3698 1606 Provi~

495 1650 652 1695 actus
694 1643 924 1697 incurrit
967 1644 1021 1698 in
1069 1646 1231 1700 mala.
1266 1644 1326 1697 Et
1374 1645 1488 1699 haec
1515 1653 1643 1701 sunt
1672 1663 1791 1716 qua:
1819 1647 2068 1702 videntur
2100 1694 2141 1749 Β
2166 1634 2366 1749 ῗῗηξοίεθ
2394 1633 2580 1702 radat,
2603 1643 2655 1691 εί
2685 1651 2793 1691 non
2823 1635 3021 1749 Ῑιθιξῗδῐ
3044 1641 3358 1694 θοοηιτπίο
3390 1639 3526 1695 διίυά
3554 1640 3613 1695 ad
3636 1641 3699 1749 illl-

492 1735 546 1788 in
581 1735 782 1788 mundo
823 1746 1011 1791 contra
1063 1737 1305 1792 ordinem
1337 1739 1472 1808 geri,
1517 1740 1717 1809 quibus
1756 1756 1973 1804 causas,
2008 1749 2063 1794 ut

2168 1725 2480 1782 ﬁdelitatem
2510 1737 2794 1798 paratum;
2831 1737 2884 1783 et
2913 1730 3037 1784 ideo
3070 1732 3160 1801 qui
3194 1735 3444 1802 ignorant
3468 1734 3608 1785 istam
3633 1732 3700 1785 di-

490 1833 693 1887 essent,
722 1826 1013 1882 inﬁdelitas
1055 1829 1221 1884 dedit.
1256 1828 1498 1882 Miranda
1538 1831 1701 1899 igitur
1749 1847 1845 1900 per
1880 1832 2063 1886 omnia

488 1921 573 1968 est
620 1914 817 1970 divinae
865 1916 1226 1972 Providentiae
1273 1920 1640 1989 dispensatio.
1690 1935 1810 1990 quae
1841 1920 1927 1974 his
1970 1922 2062 1989 qui

487 2007 645 2061 initio
694 2007 919 2075 fuerint,
954 2010 1151 2064 bonam
1193 2011 1409 2078 quidem
1443 2012 1581 2065 viam
1612 2016 1730 2066 vitae
1757 2012 2061 2066 incedenti-

485 2099 611 2163 bus,
639 2099 799 2155 bonis
828 2100 1334 2171 incorrnptibilibns
1366 2102 1509 2156 dedit
1540 2101 1743 2171 perfrui
1770 2118 1783 2167 ;
1818 2103 1909 2157 ubi
1933 2118 2060 2157 vero

488 2198 852 2265 peccaverunt
885 2191 1051 2264 [mali
1081 2194 1345 2263 originem
1384 2202 1607 2262 peccato
1636 2196 1877 2264 pariente
1908 2212 2060 2249 sum-

484 2290 712 2350 pserunt
735 2282 779 2355 j,
804 2291 859 2337 et
882 2284 1183 2354 unicuique“
1209 2285 1350 2338 bono
1376 2285 1529 2353 quasi
1557 2285 1789 2354 quodam
1821 2287 2057 2356 coniugii

482 2373 689 2431 findere
713 2393 778 2430 ex
813 2387 965 2447 parte
1005 2378 1211 2448 peccati
1244 2378 1507 2431 sociatum
1538 2385 1621 2432 est
1654 2378 1854 2432 malum
1876 2418 1891 2443 ,
1921 2395 2057 2448 quo-

480 2469 626 2529 niam
654 2469 872 2539 quidem
897 2470 1134 2525 humano
1165 2472 1428 2541 sanguine
1456 2478 1602 2526 terra
1632 2473 1835 2541 polluta
1862 2481 1965 2536 est,
2002 2482 2056 2528 et

480 2575 590 2614 arae
623 2560 959 2617 dannonibus
1002 2578 1297 2624 succensae,
1326 2578 1505 2618 aerem
1536 2580 1748 2634 quoque
1772 2566 1948 2635 ipsum
1979 2567 2057 2621 in-

479 2660 632 2706 cesto
661 2653 1051 2707 sacriﬁciorum
1087 2653 1235 2707 fumo
1267 2663 1621 2721 temerarunt,
1653 2663 1705 2709 et
1733 2656 1804 2709 ita
1836 2656 2051 2711 demum

477 2753 734 2815 corrupta
763 2746 914 2814 prius
953 2747 1217 2802 elementa
1262 2748 1575 2803 hominibus
1615 2750 1938 2818 corruptela
1979 2750 2054 2803 vi-

475 2837 633 2899 tium,
675 2836 819 2891 velut
854 2838 1065 2893 radices
1097 2839 1260 2895 ramis
1291 2854 1355 2893 ac
1393 2839 1658 2893 fructibus
1685 2840 2048 2898 tradiderunt.

548 2925 656 2980 LII.
698 2925 832 2981 Vide
859 2943 989 2997 ergo
1024 2928 1076 2981 in
1102 2928 1224 2992 hoc,
1250 2936 1309 2982 ut
1332 2928 1464 2988 dixi.
1491 2945 1654 2998 quam
1676 2930 1821 2998 juste
1848 2932 2050 2988 vitiatis

2166 1820 2431 1875 visionem
2462 1835 2665 1885 rerum,
2700 1838 2799 1891 pro
2828 1823 2913 1877 his
2940 1838 3063 1892 quae
3112 1838 3142 1876 a
3187 1824 3492 1894 semetipsis
3519 1824 3699 1877 discor-

2163 1911 2295 1965 dant
2325 1911 2381 1966 in
2415 1913 2636 1977 mundo,
2663 1930 2772 1969 non
2801 1922 2993 1986 putant
3025 1930 3146 1971 esse
3166 1916 3582 1972 Providentiam.
3610 1913 3699 1969 Sed

2162 2011 2242 2067 tu,
2274 2002 2456 2071 Pater,
2481 2006 2639 2076 quasi
2673 2008 2757 2060 vir
2786 2008 3007 2077 sapiens
3035 2024 3102 2064 ex
3145 2007 3250 2062 ista
3298 2007 3557 2062 divisione
3582 2008 3699 2076 elige

2160 2104 2391 2165 partem,
2425 2114 2545 2167 qua:
2588 2098 2835 2154 ordinem
2867 2108 3048 2155 servat
3085 2108 3140 2157 et
3186 2098 3347 2155 ﬁdem
3383 2100 3700 2170 providentize

2160 2184 2311 2250 facit,
2343 2193 2396 2241 et
2449 2203 2559 2241 non
2606 2189 2783 2243 solum
2829 2190 3079 2260 sequaris
3131 2190 3277 2243 illam
3324 2200 3552 2260 partem,
3599 2206 3699 2259 qua:

2158 2286 2351 2332 contra
2376 2280 2622 2336 ordinem
2643 2287 2815 2336 currit
2836 2289 2891 2338 et
2908 2283 3270 2340 Providentiae
3294 2284 3519 2355 derogat
3541 2285 3695 2339 ﬁdem.

2226 2369 2359 2429 LIV.
2401 2371 2483 2426 Ad
2533 2372 2647 2428 haec
2693 2389 2860 2431 senex
2888 2374 3171 2445 respondit
3207 2394 3220 2432 :
3258 2375 3338 2431 Da
3385 2378 3512 2431 mihi
3555 2378 3699 2441 viam,

2156 2460 2255 2525 ﬁli,
2290 2476 2397 2532 qua
2426 2464 2629 2532 possim
2672 2480 2739 2519 ex
2765 2465 2979 2521 duobus
3010 2466 3128 2521 istis
3154 2467 3464 2532 ordinibus,
3493 2483 3696 2538 quorum

2156 2555 2293 2610 alter
2326 2557 2544 2619 asserit,
2575 2558 2713 2613 alter
2740 2557 2943 2613 refutat
2964 2560 3397 2625 Providentiam,
3430 2576 3587 2615 unum
3614 2560 3697 2614 ali-

2153 2663 2312 2719 quem
2344 2650 2399 2703 in
2428 2651 2562 2705 meis
2598 2652 2852 2709 sensibus
2890 2654 3229 2709 conﬁrmare.
3263 2652 3516 2719 Rectum,
3547 2653 3697 2722 inquit

2151 2739 2370 2809 Aquila,
2396 2740 2614 2795 babenti
2641 2742 2910 2811 judicium
2944 2742 3101 2799 facile
3130 2744 3433 2800 discrimen
3462 2753 3570 2800 est:
3591 2759 3694 2797 nam

2151 2841 2204 2885 et
2234 2831 2336 2884 hoc
2366 2832 2542 2900 ipsum
2580 2832 2726 2901 quod
2756 2833 2856 2899 ais,
2887 2834 3022 2890 ordo
3060 2843 3114 2889 et
3152 2835 3507 2904 inordinatio,
3535 2834 3598 2889 ab
3619 2848 3697 2886 ar-

2150 2923 2295 2978 tiﬁce
2323 2923 2437 2978 ﬁeri
2470 2931 2669 2993 potest,
2698 2940 2727 2978 a
2758 2934 2951 2983 natura
2985 2944 3112 2984 vero
3146 2928 3458 2984 insensibili
3487 2944 3588 2983 non
3616 2941 3697 2998 po-

475 3016 643 3071 rebus
672 3015 1013 3072 Providentia
1046 3018 1227 3073 divina
1257 3022 1550 3082 succurrit,
1582 3027 1641 3073 ut
1670 3023 1923 3090 quoniam
1955 3022 2047 3077 bo-
2071 3038 2117 3098 ες
2151 3023 2287 3081 test;
2319 3031 2446 3068 nam
2489 3016 2640 3071 verbi
2670 3018 2844 3087 gratia
2892 3036 3161 3090 ponamus
3211 3021 3279 3075 de
3332 3021 3548 3077 excelsa
3584 3034 3699 3088 rupe

473 3108 560 3161 nis
587 3106 698 3170 Dei,
722 3108 861 3161 mala
889 3123 1009 3176 qua:
1045 3124 1108 3161 ex
1142 3119 1363 3177 peccato
1390 3110 1654 3177 originem
1697 3118 2042 3179 sumpserant

471 3200 677 3254 sociata
730 3209 880 3265 sunt,
911 3201 1123 3255 duabus
1178 3200 1260 3254 liis
1304 3201 1549 3269 partibus
1594 3201 1731 3257 duos
1770 3204 2042 3273 principes

471 3302 717 3362 poneret,
752 3300 804 3346 et
842 3294 889 3346 ei
921 3293 1013 3362 qui
1044 3293 1204 3347 bonis
1237 3293 1433 3361 gaudet
1459 3298 1725 3347 bonorum
1771 3296 2038 3361 ordinem,

471 3364 563 3452 qui
598 3386 665 3437 ad
703 3384 860 3438 ﬁdem
887 3383 1236 3453 providentiae
1266 3398 1377 3438 sua:
1404 3385 1689 3440 credentes
1723 3386 2037 3455 adduceret,

470 3473 682 3532 statuit,
714 3472 765 3525 ei
792 3488 919 3526 vero
946 3474 1039 3542 qui
1070 3475 1226 3527 malis
1251 3474 1469 3545 gaudet,
1498 3491 1559 3530 ea
1590 3492 1709 3545 qua
1732 3485 1922 3532 contra
1950 3495 2041 3534 or-

470 3563 649 3618 dinem
684 3571 738 3618 et
786 3564 1049 3619 inutiliter
1076 3574 1359 3636 geruntur,
1392 3582 1454 3621 ex
1487 3569 1687 3637 quibus
1722 3570 1841 3625 sine
1873 3570 2039 3625 dubio

466 3658 628 3712 etiam
660 3656 1011 3726 providentia:
1034 3657 1166 3713 ﬁdes
1196 3659 1249 3712 in
1277 3660 1502 3714 dubium
1537 3661 1742 3727 veniat;
1773 3669 1824 3717 et
1856 3662 2038 3718 habita

467 3759 550 3802 est
581 3764 677 3819 per
702 3749 801 3802 hoc
827 3764 856 3801 a
881 3749 1034 3818 justo
1062 3748 1171 3805 Deo
1193 3751 1338 3818 justa
1362 3750 1577 3805 divisio.
1605 3751 1742 3806 Hinc
1772 3768 1900 3822 ergo
1928 3761 2034 3818 est,

466 3842 611 3909 quod
647 3855 770 3893 cum
800 3841 1083 3896 ordinatus
1130 3853 1403 3895 astrorum
1451 3858 1649 3898 cursus
1688 3843 1844 3899 ﬁdem
1874 3844 2037 3899 faciat

466 3947 633 3985 manu
660 3931 884 3987 artiﬁcis
926 3933 1203 3987 conditum
1254 3935 1537 3999 mundum,
1567 3950 1782 3989 rursum
1815 3944 2036 3990 contur-

465 4021 613 4077 batio
653 4023 819 4089 acris,
854 4037 987 4076 aura
1035 4023 1317 4091 pestilens,
1359 4022 1647 4076 fulminum
1696 4022 1813 4093 vagi
1857 4024 2031 4093 ignes,

457 4112 819 4181 Providentiae
858 4128 995 4182 opus
1037 4113 1308 4168 refellant.
1342 4111 1554 4170 Habent
1595 4113 1764 4178 enim,
1796 4118 1856 4167 ut
1893 4113 2035 4167 dixi-

461 4220 606 4270 mus,
637 4206 849 4283 singula
890 4220 1117 4275 quaeque
1147 4207 1309 4264 bona.
1341 4204 1619 4259 contraria
1654 4212 1708 4259 et
1738 4205 2032 4275 conjuncta

461 4298 567 4352 sibi
595 4299 756 4360 mala.
790 4305 849 4352 ut
882 4297 1131 4354 fecundis
1156 4296 1421 4352 imbribus
1455 4296 1662 4367 grando
1686 4295 1901 4350 inimica
1924 4303 2028 4358 est,

2145 3106 2434 3175 abruptum
2457 3120 2647 3160 saxum
2674 3106 2728 3161 in
2752 3124 2992 3180 praeceps
3017 3109 3169 3175 ferri,
3192 3110 3363 3180 idque
3387 3111 3581 3165 illisum
3598 3108 3697 3164 solo

2143 3196 2200 3251 in
2226 3197 2393 3250 multa
2422 3195 2726 3268 fragmenta
2749 3201 3067 3266 comminui,
3092 3203 3349 3275 nunquid
3371 3202 3584 3257 evenire
3604 3198 3698 3253 ullo

2141 3286 2305 3341 modo
2335 3295 2539 3358 potest,
2577 3296 2637 3343 ut
2687 3290 2742 3343 in
2793 3290 2883 3344 illa
2912 3292 3256 3349 multitudine
3286 3290 3697 3364 fragmentorum

2140 3378 2454 3433 inveniatur
2484 3396 2651 3434 unum
2686 3382 2879 3437 saltem
2922 3383 3311 3454 fragmentum,
3362 3386 3419 3439 in
3464 3399 3566 3455 quo
3593 3399 3700 3454 per-

2139 3467 2281 3522 fecta
2313 3470 2495 3539 aliqua
2526 3471 2739 3539 species
2769 3489 2866 3544 per
2893 3474 3075 3527 omnia
3108 3474 3384 3533 habeatur
3416 3491 3477 3528 ac
3507 3469 3700 3527 forma?

2138 3563 2204 3618 Et
2234 3581 2398 3620 senex
2435 3565 2721 3637 respondit
2754 3586 2767 3622 :
2801 3566 2917 3622 Non
2950 3575 3150 3638 potest.
3174 3567 3338 3634 Quod
3372 3571 3419 3626 si
3447 3568 3605 3630 adsit,
3626 3565 3700 3618 in-

2136 3659 2254 3728 quit
2294 3658 2512 3729 Aquila,
2553 3658 2834 3728 signorum
2877 3657 3093 3723 artifex,
3122 3661 3375 3718 excisum
3424 3661 3493 3715 de
3535 3665 3699 3713 monte

2136 3762 2330 3804 saxum
2357 3762 2522 3801 manu
2555 3746 2755 3801 artiﬁci
2776 3753 2831 3801 et
2863 3762 3026 3805 sensu
3055 3747 3373 3803 rationabili
3405 3747 3633 3801 formare
3650 3742 3698 3794 in

2135 3856 2298 3912 quam
2339 3840 2469 3895 velit
2506 3842 2981 3910 speciem‘potest.
3014 3838 3081 3892 Et
3111 3855 3323 3897 senex:
3364 3840 3584 3905 Verum,
3621 3838 3696 3890 in-

2134 3933 2273 4002 quit,
2304 3931 2449 3988 istud
2496 3940 2601 3986 est.
2637 3931 2800 4002 Ergo,
2832 3932 2908 3986 ait
2958 3930 3175 4001 Aquila,
3206 3932 3303 3986 ubi
3358 3948 3560 3988 sensus
3604 3943 3697 3983 non

2133 4035 2219 4079 est
2245 4025 2611 4087 rationabilis,
2643 4025 2792 4077 nulla
2841 4024 3053 4094 species
3101 4040 3168 4080 ex
3217 4025 3443 4097 integro
3492 4020 3694 4078 formari

2132 4124 2335 4185 potest.
2369 4116 2461 4171 ubi
2490 4124 2668 4171 autem
2702 4130 2900 4172 sensus
2950 4122 3034 4171 est
3084 4115 3305 4181 artifex,
3346 4117 3422 4175 ibi
3459 4123 3513 4171 et
3542 4114 3694 4169 forma

2129 4219 2184 4266 et
2208 4210 2516 4265 informitas
2545 4225 2666 4265 esse
2696 4217 2876 4280 potest
2906 4225 2919 4260 :
2949 4209 3099 4264 verbi
3129 4210 3331 4280 gratia,
3366 4210 3413 4265 si
3441 4208 3647 4264 excidat
3670 4220 3696 4258 e

2130 4310 2316 4357 monte
2365 4317 2555 4358 saxum
2607 4300 2801 4356 artifex
2850 4301 2938 4355 cui
2979 4300 3208 4355 formam
3235 4302 3374 4357 velit
3409 4302 3693 4372 imponere.

460 4398 522 4445 ut
566 4391 678 4445 rori
726 4390 938 4460 placido
985 4390 1251 4460 rubiginis
1294 4398 1378 4445 est
1409 4390 1611 4445 sociata
1641 4390 1939 4458 corruptio,
1974 4401 2028 4444 ut
2057 4409 2107 4468 ι)
2134 4409 2357 4450 necesse
2404 4403 2489 4449 cst
2537 4402 2597 4447 ut
2641 4393 2694 4447 id
2736 4394 2913 4463 primo
2948 4392 3182 4448 informe
3213 4392 3396 4449 caedat
3425 4401 3480 4449 et
3515 4391 3697 4447 barba-

459 4483 638 4537 ventis
682 4482 896 4538 lenibus
946 4482 1312 4552 procellarum
1364 4482 1608 4536 turbines
1651 4480 1828 4549 juncti
1878 4488 2026 4546 sunt,

458 4573 755 4628 fructuosis
803 4574 1091 4628 arboribus
1136 4573 1512 4635 infructuosae,
1565 4572 1751 4627 herbis
1801 4573 2027 4627 utilibus

456 4667 654 4728 noxiae,
689 4666 1015 4721 animalibus
1046 4665 1269 4721 mitibus
1312 4664 1427 4720 fera
1471 4672 1525 4718 et
1559 4663 1864 4733 perniciosa
1895 4680 2027 4719 con-

456 4773 595 4813 nexa
620 4766 770 4817 sunt.
794 4757 919 4813 Htec
944 4765 1125 4813 autem
1151 4757 1333 4812 omnia
1364 4756 1540 4826 posita
1571 4764 1701 4810 sunt
1722 4769 1752 4807 a
1778 4754 1906 4819 Deo,
1926 4772 2025 4825 pro

454 4865 522 4905 eo
564 4850 708 4922 quod
754 4849 1066 4904 hominibus
1110 4848 1365 4903 voluntas
1415 4846 1629 4901 arbitrii
1678 4861 1710 4900 a
1757 4846 2023 4902 bonorum

454 4944 734 5015 proposito
763 4942 1017 4998 discessit
1040 4950 1092 4997 et
1120 4942 1414 4996 declinavit
1445 4941 1514 4995 ad
1542 4941 1703 4996 mala.

526 5033 660 5090 Llll.
697 5035 864 5104 Igitur
894 5035 946 5087 in
980 5035 1234 5090 omnibus
1261 5033 1445 5087 mundi
1472 5033 1633 5088 rebus
1659 5032 1890 5089 habetur
1916 5030 2020 5086 ista

452 5128 666 5195 divisio,
698 5136 750 5182 et
778 5127 919 5184 sicut
954 5137 1080 5189 sunt
1110 5128 1205 5196 pii,
1246 5128 1318 5182 ita
1350 5134 1402 5182 et
1431 5126 1602 5196 impii,
1647 5133 1705 5178 ut
1735 5133 1863 5180 sunt
1895 5141 2020 5195 pro-

450 5220 648 5291 phetaa,
675 5219 749 5273 ita
778 5227 832 5275 et
859 5219 979 5273 falsi
1010 5219 1317 5289 prophetat;
1364 5218 1458 5273 sed
1505 5225 1560 5272 et
1601 5218 1745 5288 apud
1789 5218 2019 5288 gentiles

452 5321 583 5367 sunt
610 5312 942 5389 philosophi,
977 5321 1104 5366 sunt
1153 5318 1208 5366 et
1257 5309 1379 5371 falsi
1432 5308 1772 5387 philosophi;
1803 5307 2018 5373 Iudaeo-

450 5420 571 5459 rum
621 5420 839 5478 quoque
872 5403 1347 5459 circumcisionem
1381 5402 1625 5465 Arabicae
1655 5409 1842 5472 gentes
1872 5399 2018 5453 alias-

449 5508 555 5561 que
579 5493 824 5561 plurimm
865 5492 932 5547 ad
964 5492 1324 5547 ministerium
1358 5507 1471 5547 suae
1498 5491 1787 5562 impietatis
1820 5490 2016 5553 imitati

451 5594 595 5641 sunt.
631 5583 719 5637 Sic
748 5593 802 5638 et
829 5586 1014 5639 divino
1048 5585 1216 5639 cultui
1247 5593 1331 5639 cst
1367 5585 1676 5638 contrarius
1708 5584 2012 5637 daemonum

451 5677 654 5740 cultus,
702 5685 754 5735 et
812 5677 1080 5749 baptismo
1130 5677 1451 5756 baptismus,
1485 5688 1533 5732 et
1585 5678 1685 5751 legi
1739 5678 1906 5749 leges,
1961 5685 2013 5739 ct

2132 4502 2273 4553 rum,
2308 4493 2423 4539 tum
2468 4484 2665 4540 deinde
2697 4484 2957 4555 paulatim
3003 4482 3282 4541 excudens
3318 4492 3377 4538 et
3419 4484 3487 4537 ad
3517 4481 3694 4535 libram

2129 4593 2242 4633 suae
2263 4578 2399 4631 artis
2419 4577 2767 4647 exsculpens,
2784 4576 3056 4647 exprimat
3079 4575 3310 4633 formam
3338 4590 3506 4647 quam
3531 4579 3699 4627 mente

2126 4670 2459 4740 conceperit.
2490 4668 2566 4723 ita
2594 4685 2725 4740 ergo
2745 4685 2809 4724 ex
2842 4668 3177 4724 informitate
3208 4668 3293 4727 vel
3327 4666 3693 4723 deformitate.

2125 4761 2350 4816 artiﬁcis
2383 4775 2545 4815 manu
2575 4760 2891 4830 pervenitur
2932 4761 2999 4814 ad
3029 4760 3287 4823 formam,
3320 4768 3378 4814 et
3415 4770 3696 4824 utrumque

2124 4850 2193 4907 ab
2232 4851 2439 4906 artiﬁce
2484 4849 2766 4918 procedit;
2799 4849 2962 4904 simili
3007 4849 3173 4919 igitur
3203 4848 3376 4903 modo
3407 4860 3463 4903 et
3498 4864 3562 4902 ea
3587 4859 3698 4915 qua:

2124 4940 2180 5001 in
2211 4941 2417 5001 mundo
2445 4948 2729 5010 geruntur,
2752 4954 2844 5009 per
2866 4937 3090 4991 artiﬁcis
3109 4937 3518 5007 providentiam
3550 4936 3692 4992 ﬁunt,

2121 5033 2336 5088 etiamsi
2366 5032 2548 5086 minus
2577 5030 2829 5085 ordinata
2860 5029 3163 5083 videantur.
3196 5027 3261 5081 Et
3296 5029 3426 5083 ideo
3450 5026 3575 5098 quia
3605 5024 3693 5079 tibi

2118 5126 2240 5180 dua:
2270 5126 2387 5180 istae
2420 5125 2774 5181 innotuernnt
2818 5121 2937 5185 vite,
2968 5136 3264 5190 earumque
3315 5120 3585 5191 accepisti
3615 5117 3693 5172 di-

2119 5215 2380 5279 visiones,
2414 5213 2536 5285 fuge
2574 5212 2909 5268 inﬁdelitatis
2950 5211 3119 5275 viam,
3150 5226 3218 5265 ne
3247 5209 3402 5266 forte
3435 5209 3692 5281 perducat

2118 5315 2173 5361 te
2202 5308 2268 5362 ad
2300 5308 2451 5361 illum
2482 5305 2780 5378 principem
2808 5305 2903 5375 qui
2934 5303 3092 5359 malis
3116 5303 3346 5374 gaudet,
3380 5316 3615 5376 sequere
3642 5302 3694 5353 ﬁ-

2117 5400 2202 5455 dei
2234 5400 2399 5463 viam,
2433 5409 2491 5454 ut
2528 5400 2811 5468 pervenire
2856 5398 3034 5469 possis
3086 5397 3153 5453 ad
3196 5412 3391 5470 regem
3425 5398 3580 5452 illum
3602 5391 3687 5466 qui

2117 5494 2276 5551 bonis
2302 5492 2617 5552 hominibus
2644 5493 2860 5564 gaudet.

2186 5582 2293 5638 LV.
2333 5583 2413 5639 Ad
2465 5585 2583 5654 haec,
2631 5600 2797 5639 senex
2852 5581 3129 5653 reSpondit
3171 5600 3184 5635 :
3230 5581 3355 5635 Cur
3406 5590 3589 5636 autem
3636 5585 3687 5634 et

2116 5679 2366 5754 princeps
2399 5678 2487 5732 ille
2512 5677 2604 5755 qui
2638 5678 2794 5733 malis
2832 5674 3029 5750 gaudet
3075 5673 3251 5733 factus
3301 5686 3412 5741 est,
3455 5687 3509 5731 et
3556 5674 3686 5734 unde
