4036 6252
348 352 486 407 I597

347 469 525 523 factus
550 474 632 521 est
663 472 755 518 aut
787 479 892 519 non
921 469 1005 515 est
1036 458 1253 513 factus?

348 560 607 629 temporis
636 566 718 613 est
752 557 853 611 iste
883 558 1182 619 tractatus;
1212 564 1401 603 verum
1430 562 1497 600 ne
1526 559 1720 613 expers
1755 542 1915 595 abeas

347 653 512 707 etiam
544 651 706 716 hujus
735 645 1132 717 responsionis,
1160 658 1331 713 pauca
1358 640 1452 694 tibi
1478 638 1544 693 de
1570 637 1672 691 hoc
1702 648 1917 706 quoque

349 743 658 797 insinuabo.
693 738 961 793 Prtescius
1003 734 1244 788 omnium
1297 730 1438 785 Deus
1488 736 1611 781 ante
1646 725 1917 780 constitu-

350 835 549 889 tionem
577 830 784 896 mundi,
812 829 995 885 sciens
1020 825 1145 896 quia
1173 823 1340 877 futuri
1373 821 1642 879 homines,
1671 816 1761 870 alii
1806 814 1920 885 qui-

343 924 473 981 dem
519 925 587 978 ad
636 924 798 985 bona,
836 922 929 974 alii
960 934 1090 974 vero
1122 917 1190 971 ad
1220 915 1497 971 contraria
1541 910 1916 970 declinabunt,

349 1035 443 1075 eos
475 1020 567 1088 qui
586 1018 729 1072 bona
756 1015 1039 1084 elegerint,
1064 1028 1164 1067 suo
1199 1007 1529 1081 principatui
1554 1014 1608 1060 et
1639 1020 1751 1058 suae
1776 1019 1921 1056 cura:

350 1113 576 1168 sociavit
612 1120 771 1179 atque
802 1106 1175 1161 hareditatem
1220 1102 1324 1158 sibi
1360 1116 1454 1155 eos
1503 1097 1780 1169 propriam
1824 1109 1924 1146 no-

348 1204 574 1259 niinavit
596 1203 672 1269 6°;
703 1216 797 1256 eos
828 1214 955 1253 vero
981 1198 1071 1268 qui
1092 1195 1157 1249 ad
1175 1194 1313 1248 mala
1336 1190 1683 1254 declinarint,
1716 1185 1921 1255 angelis

350 1295 614 1367 regendos
658 1293 903 1364 permisit
934 1292 1021 1345 his
1080 1288 1172 1359 qui
1220 1302 1328 1341 non
1373 1300 1469 1355 per
1515 1278 1875 1357 substantiam
1905 1316 1921 1341 ,

350 1389 447 1445 sed
498 1403 596 1459 per
634 1386 952 1457 oppositum
982 1398 1105 1437 cum
1138 1380 1248 1435 Deo
1288 1388 1607 1450 permanere
1630 1371 1926 1426 noluerunt

352 1480 567 1536 invidiae
610 1485 660 1533 et
709 1476 981 1547 superbia
1021 1473 1154 1527 vitio
1202 1469 1480 1539 corrupti;
1542 1466 1738 1536 dignos
1795 1477 1928 1532 ergo

351 1572 639 1642 dignorum
667 1569 943 1639 principes
973 1566 1119 1621 fecit.
1147 1562 1226 1617 Ita
1259 1571 1441 1615 tamen
1474 1575 1568 1615 eos
1599 1556 1928 1626 tradiditgut

352 1677 462 1716 non
482 1661 718 1715 habeant
745 1662 1072 1729 potestatem
1101 1653 1156 1707 in
1178 1669 1271 1709 eos
1298 1650 1531 1706 faciendi
1552 1649 1694 1719 quod
1716 1647 1926 1709 volunt,

354 1753 463 1807 nisi
512 1758 775 1808 statutum
829 1749 935 1805 sibi
981 1749 1049 1803 ab
1094 1746 1251 1802 initio
1298 1742 1590 1797 terminum
1628 1745 1926 1793 transeant.

1547 325 2140 389 RECOGNITIONL'M.
2176 355 2245 364 —
2283 321 2412 378 LIB.
2447 322 2583 377 VIII.

1301 454 1494 525 Aquila
1525 453 1599 505 ait
1633 470 1645 505 :
1676 450 1914 503 Alterius
1946 452 1988 507 Α
2019 444 2149 507 sint,
2174 456 2280 495 non
2314 444 2544 509 possunt
2575 446 2752 491 tamen
2782 433 2998 489 flectere
3028 446 3116 486 me
3143 436 3201 484 ut
3229 429 3449 483 credam
3479 430 3593 482 fieri

3458 317 3592 371 1598
3617 345 3621 349 -

2016 530 2219 600 aliquid
2254 544 2415 598 posse
2444 539 2597 582 extra
2624 526 2888 597 genesim.
2925 523 3051 577 Scio
3078 522 3222 575 enim
3256 519 3438 573 omnia
3464 517 3593 572 mihi

2017 621 2345 676 necessitate
2388 632 2603 688 genesns
2648 616 3010 672 accidisse.ct
3055 614 3178 669 ideo
3212 614 3433 670 suaderi
3461 614 3594 667 mihi

2020 728 2129 766 non
2176 719 2376 782 potest,
2408 710 2536 779 quia
2566 708 2651 762 vel
2688 708 2828 763 bene
2856 707 2944 761 vel
2970 706 3111 761 male
3140 721 3299 776 agere
3325 706 3378 759 in
3412 714 3599 760 nostra

2021 791 2287 870 potestate
2313 801 2416 863 sit;
2462 807 2517 852 et
2566 798 2612 851 si
2663 803 2819 851 actus
2857 806 3077 851 nostros
3106 796 3161 851 in
3187 803 3460 865 potestate
3490 810 3597 848 non

2021 893 2308 955 habemus,
2360 906 2467 944 non
2507 896 2685 959 p0test
2714 888 2864 942 credi
2900 888 3141 943 futurum
3167 903 3289 942 esse
3310 885 3598 956 judicium,

2022 999 2120 1054 per
2149 983 2292 1053 quod
2319 982 2401 1036 vel
2430 981 2588 1035 malis
2615 994 2788 1049 prima:
2810 981 3066 1035 velbonis
3097 978 3319 1049 praemia
3351 977 3601 1031 tribuan-

2023 1088 2132 1132 tur.
2157 1076 2397 1146 Denique
2420 1076 2676 1144 quoniam
2708 1082 2761 1129 te
2786 1075 3051 1128 imbutum
3078 1073 3236 1127 video
3269 1072 3321 1125 in
3346 1072 3604 1141 hujusce-

2024 1170 2170 1224 modi
2202 1167 2530 1238 disciplinis,
2569 1181 2740 1235 pauca
2770 1166 2870 1221 tibi
2900 1182 2966 1220 ex
3002 1166 3117 1235 ipsa
3160 1174 3276 1219 arte
3304 1164 3598 1234 proferam.

2027 1261 2106 1328 Si,
2140 1262 2317 1332 inquit
2343 1262 2558 1329 Aquila,
2592 1277 2657 1315 ex
2707 1262 2825 1330 ipsa
2875 1260 3162 1328 disciplina
3201 1266 3451 1313 astruere
3499 1260 3603 1312 ali-

2026 1352 2157 1423 quid
2181 1352 2357 1421 cupis,
2390 1352 2557 1405 frater
2588 1365 2740 1403 meus
2769 1348 3020 1403 Clemens
3055 1346 3148 1400 tibi
3173 1346 3489 1415 diligentius
3518 1361 3607 1398 re-

2028 1444 2336 1516 spondebit,
2369 1444 2461 1513 qui
2512 1441 2725 1512 plenius
2772 1439 3054 1495 scientiam
3097 1437 3360 1491 mathesis
3391 1436 3603 1505 attigit;

2027 1552 2128 1607 ego
2160 1536 2304 1591 enim
2334 1535 2454 1588 aliis
2482 1534 2586 1589 viis
2612 1547 2859 1589 asserere
2890 1545 3136 1600 possum,
3157 1528 3302 1597 quod
3327 1535 3484 1581 actus
3508 1542 3607 1579 no-

2031 1632 2131 1687 stri
2171 1632 2224 1684 in
2257 1636 2447 1683 nostra
2486 1627 2599 1683 sint
2626 1626 2789 1697 positi
2822 1632 3109 1695 potestate,
3143 1620 3247 1675 ista
3278 1628 3457 1675 autem
3488 1636 3608 1690 qua:

2031 1742 2140 1780 non
2163 1723 2352 1786 didici,
2385 1737 2716 1792 prassumere
2746 1736 2854 1774 non
2885 1720 3076 1775 debeo.

354 1843 455 1897 Hic
480 1850 565 1898 est
596 1851 774 1896 autem
811 1846 1050 1895 statutus
1080 1835 1371 1896 terminus,
1405 1840 1463 1885 ut
1488 1829 1593 1884 nisi
1617 1828 1741 1899 quis
1778 1826 1929 1897 prius
1962 1816 2003 1869 Β
2101 1835 2282 1892 Lvm,
2325 1835 2462 1891 Cum
2513 1836 2628 1890 tunc
2674 1834 2868 1903 Aquila
2897 1834 3142 1898 dixisset,
3178 1849 3278 1903 ego
3309 1832 3561 1888 Clemens
3593 1851 3606 1885 :
3702 1822 3711 1827 “

358 1932 546 1988 fecerit
574 1932 879 1986 daamonum
911 1928 1269 1989 voluntatem,
1317 1922 1590 1975 daemones
1638 1918 1693 1970 in
1724 1930 1789 1970 eo
1822 1930 1928 1968 non

358 2025 598 2080 habeant
625 2029 971 2093 potestatem.

425 2117 559 2173 LVI.
602 2116 667 2170 Et
696 2131 858 2171 senex
892 2114 966 2167 ait
1003 2132 1016 2168 :
1052 2110 1335 2182 Magniﬁce
1360 2113 1684 2180 prosccutus
1708 2120 1788 2169 es,
1820 2102 1929 2169 fili;

359 2216 607 2281 superest
642 2221 786 2261 nunc
818 2212 877 2259 ut
911 2205 1061 2258 dicas
1100 2200 1241 2256 unde
1288 2209 1372 2256 est
1413 2198 1722 2256 substantia
1768 2194 1929 2260 mali;

359 2303 407 2357 si
446 2302 587 2357 enim
642 2315 671 2352 a
726 2297 831 2351 Deo
878 2296 1019 2349 facta
1061 2300 1162 2359 est,
1200 2292 1412 2347 fructus
1464 2291 1640 2345 malus
1693 2288 1931 2341 radicem

359 2393 682 2463 culpabilem
709 2390 888 2457 docet,
920 2389 1137 2443 videtur
1168 2386 1313 2442 enim
1347 2395 1400 2439 et
1446 2385 1564 2454 ipsa
1593 2382 1748 2436 malae
1775 2388 1930 2434 natu-

356 2500 434 2540 ra:
462 2502 474 2537 :
511 2482 557 2536 si
589 2496 718 2536 vero
748 2486 1014 2535 coaeterna
1048 2476 1149 2530 fuit
1178 2475 1291 2529 haec
1314 2471 1620 2528 substantia
1645 2471 1774 2537 Deo,
1795 2485 1934 2539 quo-

362 2574 522 2630 modo
552 2578 729 2643 potest
758 2560 902 2641 quod
932 2568 1217 2638 mqualiter
1266 2565 1562 2635 ingenitum
1609 2570 1663 2617 et
1710 2570 1937 2615 counter-

363 2681 492 2721 num
534 2672 638 2727 est,
670 2662 827 2717 alteri
874 2676 996 2717 esse
1039 2656 1386 2729 subjectum?
1412 2654 1532 2711 Non
1565 2668 1779 2724 semper
1812 2651 1934 2719 fuit,

364 2760 541 2830 inquit
575 2758 805 2828 Aquila;
847 2755 942 2811 sed
974 2770 1150 2824 neque
1181 2753 1227 2809 si
1257 2769 1323 2808 ex
1354 2750 1464 2806 Deo
1496 2749 1639 2803 facta
1671 2756 1775 2811 est,
1806 2764 1938 2802 con-

365 2848 521 2903 tinuo
549 2862 772 2902 necesse
814 2852 897 2900 est
942 2844 1105 2898 etiam
1136 2841 1474 2897 conditorem
1504 2839 1625 2908 ejus
1654 2838 1816 2892 talem
1852 2838 1938 2891 vi-

365 2941 505 3004 deri,
528 2941 687 3011 quale
731 2947 814 2994 est
858 2936 990 2992 illud
1039 2936 1183 3007 quod
1232 2936 1301 2990 ab
1344 2950 1409 2990 eo
1439 2933 1639 2988 factum
1669 2940 1773 2987 est.
1804 2930 1940 2985 Nam

369 3027 704 3084 substantias
732 3024 952 3094 quidem
985 3022 1126 3079 Deus
1177 3022 1305 3079 fecit
1337 3023 1603 3087 omnium,
1637 3022 1732 3077 sed
1768 3021 1814 3076 si
1853 3036 1941 3075 ra-

366 3117 641 3174 tionabilis
684 3129 836 3170 mens
881 3130 1001 3184 quae
1051 3130 1080 3168 a
1123 3114 1230 3169 Deo
1276 3115 1418 3169 facta
1464 3097 1567 3179 est,
1599 3127 1938 3184 nequaquam

368 3210 668 3265 conditoris
697 3206 781 3263 sui
804 3207 1014 3275 legibus
1045 3206 1363 3275 acquiescit,
1397 3213 1451 3260 et
1475 3206 1695 3260 modum
1727 3214 1943 3261 statutae

368 3302 472 3358 sibi
521 3300 893 3370 temperantiae
935 3299 1180 3363 excedit,
1214 3297 1344 3369 quid
1377 3299 1479 3353 hoc
1507 3296 1572 3350 ad
1609 3297 1945 3352 conditorem

371 3394 619 3465 spectat?
647 3391 743 3447 Vel
772 3394 817 3448 si
846 3393 1025 3465 aliqua
1067 3400 1152 3448 est
1198 3391 1337 3444 ratio
1369 3390 1482 3445 haec
1530 3393 1780 3459 superior
1810 3391 1943 3461 (78),

372 3487 721 3557 ignoramus;
754 3500 931 3555 neque
960 3484 1103 3538 enim
1152 3482 1220 3537 de
1265 3481 1493 3552 singulis
1539 3481 1604 3535 ad
1648 3481 1945 3551 perfectum

373 3578 517 3631 scire
540 3593 853 3648 possumus,
885 3582 939 3631 et
967 3575 1032 3629 de
1061 3573 1147 3628 his
1178 3572 1447 3643 prmeipue
1493 3588 1591 3642 pro
1620 3572 1817 3642 quibus
1839 3588 1948 3625 non

374 3684 567 3727 sumus
587 3668 888 3738 judicandi,
920 3682 1019 3721 cur
1063 3666 1395 3735 ignoremus.
1421 3662 1497 3716 Ea
1525 3678 1654 3718 vero
1682 3678 1781 3733 pro
1826 3664 1945 3733 qui-

326 3812 338 3822 .
374 3763 479 3818 bus
507 3760 788 3832 iudicandi
819 3774 1033 3822 sumus,
1069 3755 1326 3810 facillima
1372 3763 1502 3809 sunt
1534 3754 1597 3807 ad
1646 3754 1951 3824 intelligen-

376 3854 530 3918 dum,
561 3861 615 3907 et
665 3867 804 3923 pene
855 3865 965 3905 uno
1019 3863 1270 3904 sermone
1336 3846 1712 3901 absolvuntur.
1761 3844 1949 3900 Omnis

376 3944 522 4000 enim
555 3943 946 4015 propemodum
973 3950 1192 3995 actuum
1228 3948 1536 3994 nostrorum
1558 3939 1610 3992 in
1644 3953 1708 3993 eo
1738 3937 1948 4009 colligi-

378 4044 468 4090 tur
502 4035 874 4098 observantia,
907 4041 966 4088 ut
995 4032 1140 4104 quod
1166 4032 1268 4102 ipsi
1299 4032 1409 4103 pati
1445 4031 1719 4097 nolumus,
1752 4046 1821 4085 ne
1848 4030 1952 4085 hoc

380 4129 504 4183 aliis
535 4126 870 4192 inferamus;
902 4126 1044 4180 sicut
1075 4124 1219 4179 enim
1250 4123 1366 4193 ipse
1395 4122 1569 4179 occidi
1596 4137 1705 4175 non
1735 4122 1837 4187 vis,
1859 4138 1952 4176 ca-

377 4232 511 4273 veas
558 4222 771 4285 oportet
817 4231 886 4269 ne
939 4215 1104 4269 alium
1145 4213 1464 4279 occidas;et
1494 4213 1634 4267 sicut
1660 4219 1813 4265 tuum
1843 4227 1952 4265 non

379 4309 690 4368 vis-violari
721 4307 1153 4370 matrimonium,
1186 4321 1289 4361 nec
1338 4313 1395 4360 tu
1443 4305 1666 4361 alterius
1711 4306 1953 4360 macules

380 4416 591 4469 torum;
622 4401 826 4457 furtum
858 4401 969 4472 pati
1000 4416 1108 4454 non
1133 4400 1240 4464 vis,
1281 4414 1383 4454 nec
1411 4399 1526 4469 ipse
1555 4398 1756 4465 facias;
1788 4406 1841 4453 et
1872 4398 1955 4452 in-

2031 1931 2308 1993 Crastino,
2343 1930 2586 1998 inquam,
2619 1927 2792 1992 dices,
2824 1927 3009 1991 Pater,
3043 1936 3101 1981 ut
3130 1927 3301 1982 voles.
3334 1933 3387 1980 et
3422 1925 3607 1980 audie-

2033 2040 2156 2081 mus
2183 2025 2439 2089 libenter,
2468 2038 2591 2076 nam
2622 2031 2674 2076 et
2695 2033 2745 2076 te
2776 2031 2907 2092 puto
2931 2032 3077 2090 grate
3110 2020 3439 2084 habiturum,
3465 2020 3609 2090 quod

2033 2133 2157 2172 cum
2188 2117 2275 2172 his
2303 2116 2400 2171 tibi
2431 2116 2533 2170 erit
2562 2131 2766 2179 sermo,
2801 2115 2891 2183 qui
2922 2123 3170 2183 expertes
3194 2128 3303 2166 non
3337 2119 3464 2167 sunt
3493 2113 3612 2182 ejus

2034 2224 2197 2279 quam
2225 2209 2519 2278 protuleris
2548 2207 2872 2277 disciplinae.
2894 2203 3029 2259 Cum
3061 2222 3189 2275 ergo
3218 2207 3509 2275 placuisset
3532 2206 3615 2259 in—

2036 2311 2118 2356 ter
2152 2318 2238 2356 me
2264 2308 2317 2356 et
2355 2316 2562 2363 senem,
2595 2308 2654 2353 ut
2698 2300 2947 2368 sequenti
2989 2298 3076 2353 die
3107 2299 3408 2368 disputatio
3456 2298 3613 2353 nobis

2036 2393 2105 2447 de
2152 2394 2365 2447 ratione
2406 2391 2622 2462 genesis
2675 2390 2988 2456 haberetur,
3022 2400 3207 2444 utrum
3251 2390 3431 2444 omnia
3456 2406 3520 2444 ex
3551 2406 3614 2445 ea

2038 2485 2250 2548 fierent,
2282 2500 2350 2538 an
2380 2493 2525 2539 esset
2553 2481 2758 2552 aliquid
2789 2481 2844 2535 in
2876 2481 3056 2545 nobis,
3089 2482 3233 2551 quod
3266 2498 3375 2536 non
3400 2481 3617 2552 genesis

2039 2575 2133 2629 sed
2163 2574 2328 2627 animi
2356 2573 2625 2642 judicium
2658 2580 2889 2642 gereret,
2923 2571 3119 2627 Petrus
3151 2573 3392 2627 surrexit
3423 2580 3477 2627 et
3501 2589 3619 2627 ser-

2039 2681 2255 2721 monem
2294 2665 2472 2720 facere
2518 2666 2622 2720 hoc
2674 2664 2838 2719 modo
2877 2666 3079 2734 erepit:
3113 2664 3307 2719 Mirum
3339 2665 3472 2719 mihi
3522 2667 3620 2720 ad-

2040 2758 2262 2812 modum
2295 2766 2399 2823 est,
2426 2758 2571 2828 quod
2603 2774 2691 2813 res
2726 2773 2846 2829 quae
2878 2756 3037 2812 facile
3087 2757 3317 2812 inveniri
3368 2769 3616 2826 possunt,

2042 2850 2291 2905 homines
2320 2849 2611 2918 exquisitis
2644 2850 3072 2920 cogitationibus
3111 2865 3176 2903 ac
3208 2849 3388 2903 verbis
3430 2849 3620 2904 diﬂici—

2042 2942 2122 2997 les
2149 2940 2375 3006 faciunt,
2411 2948 2464 2994 ct
2495 2941 2547 2993 hi
2578 2941 2811 2994 maxime
2841 2939 2935 3010 qui
2978 2940 3232 2994 videntur
3262 2938 3367 2993 sibi
3406 2938 3621 3009 sapien-

2044 3042 2148 3098 tes,
2168 3035 2370 3105 quique
2394 3035 2633 3088 volentes
2667 3032 2759 3087 Dei
2783 3033 3114 3088 voluntatem
3141 3030 3620 3101 comprehendere,

2045 3127 2199 3198 quasi
2229 3126 2448 3181 homine
2480 3133 2705 3179 utuntur
2745 3124 2874 3192 Deo,
2906 3125 3015 3178 imo
3061 3131 3115 3179 et
3148 3125 3193 3179 si
3225 3123 3357 3194 quid
3403 3123 3620 3189 minus;

2047 3236 2172 3275 nam
2207 3218 2445 3274 hominis
2476 3218 2765 3273 consilium
2795 3219 2880 3272 vel
2910 3233 3132 3273 sensum
3164 3217 3304 3271 scire
3338 3232 3498 3271 nemo
3526 3232 3624 3286 po-

2046 3320 2175 3376 test,
2208 3311 2312 3367 nisi
2350 3311 2465 3381 ipse
2496 3311 2691 3381 prodat
2719 3311 2810 3379 qui
2838 3311 3175 3380 cogitaverit,
3209 3308 3305 3364 sed
3337 3324 3513 3379 neque
3534 3324 3624 3362 ar-

2047 3406 2155 3453 tem
2188 3397 2312 3468 quis
2342 3398 2554 3452 discere
2587 3406 2786 3467 potest,
2837 3397 2942 3453 nisi
2974 3398 3145 3453 multo
3176 3405 3417 3469 tempore
3447 3413 3476 3450 a
3510 3414 3625 3451 ma-

2048 3487 2219 3558 gistro
2267 3487 2431 3543 fuerit
2463 3490 2736 3557 imbutus;
2777 3499 2984 3562 quanto
3025 3492 3198 3561 magis
3247 3491 3534 3546 invisibilis
3573 3500 3626 3545 et

2050 3578 2618 3649 incomprehensibilis
2662 3581 2754 3637 Dei
2794 3599 2971 3653 neque
3000 3599 3224 3639 sensum
3271 3600 3449 3655 neque
3488 3601 3626 3654 opus

2052 3669 2192 3723 scire
2233 3669 2357 3738 quis
2388 3679 2586 3740 potest,
2632 3673 2737 3727 nisi
2788 3674 2904 3743 ipse
2954 3676 3132 3729 mittat
3161 3676 3501 3745 prophetam,
3534 3679 3625 3747 qui

2050 3765 2267 3812 enarret
2296 3761 2587 3815 consilium
2614 3778 2773 3816 suum
2816 3771 2869 3818 et
2913 3764 3055 3819 viam
3089 3765 3420 3821 conditionis
3453 3783 3626 3837 expou

2051 3856 2164 3912 nat,
2210 3847 2265 3901 in
2312 3857 2577 3918 quantum
2623 3851 2835 3906 discere
2876 3852 3189 3909 hominibus
3223 3852 3303 3910 fas
3343 3863 3443 3910 est.
3477 3854 3629 3909 Unde

2052 3940 2342 3995 ridiculum
2375 3949 2525 4012 puto,
2560 3958 2683 3997 cum
2712 3945 3054 3999 naturalibus
3079 3946 3183 3999 viis
3215 3946 3281 4000 de
3308 3947 3510 4001 virtute
3534 3945 3627 4000 Dei

2053 4030 2299 4087 homines
2336 4032 2607 4101 judicant,
2644 4042 2697 4087 et
2742 4042 2936 4104 putant
2986 4036 3088 4089 hoc
3142 4038 3358 4104 quidem
3405 4039 3456 4092 ei
3506 4054 3629 4093 esse

2055 4123 2334 4193 possibile,
2367 4125 2501 4179 illud
2530 4141 2657 4180 vero
2687 4126 3040 4195 impossibile,
3071 4135 3164 4181 aut
3196 4129 3298 4182 hoc
3325 4131 3525 4198 majus,
3567 4131 3631 4184 il-

2054 4213 2147 4265 lud
2191 4214 2394 4278 minus,
2427 4216 2601 4286 ignari
2631 4216 2895 4280 omnium,
2928 4216 3023 4286 qui
3064 4233 3187 4271 cum
3230 4217 3340 4272 sint
3382 4218 3630 4275 homines

2054 4306 2265 4376 injusti,
2315 4307 2564 4378 judicant
2611 4306 2780 4361 Deum
2825 4307 3055 4377 justum,
3092 4307 3361 4363 artificem
3412 4309 3631 4379 imperi-

2056 4396 2096 4450 ti
2128 4396 2264 4468 (79),
2292 4397 2758 4468 incorruptibilem
2799 4399 3063 4469 corrupti,
3100 4399 3311 4453 factura
3346 4398 3629 4455 factorem.

382 4505 469 4551 tra
517 4496 657 4550 hanc
704 4470 944 4563 regulam
999 4505 1360 4545 numanorum
1406 4501 1681 4562 gestorum
1741 4491 1953 4561 singula
1985 4507 2029 4562 ι)
2128 4486 2263 4542 LIX.
2308 4487 2372 4542 Et
2395 4489 2521 4543 nolo
2545 4490 2763 4559 putetis,
2795 4490 2924 4560 quia
2970 4491 3084 4545 haec
3121 4491 3310 4546 dicens
3350 4470 3628 4560 judicaiidi

385 4604 612 4660 quaeque
635 4594 992 4641 concurrunt.

457 4679 613 4735 LVII.
654 4678 791 4733 Tum
822 4691 985 4733 senex
1023 4695 1036 4731 :
1067 4674 1145 4731 Ne
1182 4690 1343 4747 aagre,
1377 4674 1573 4745 inquit,
1605 4677 1861 4745 accipias,
1895 4676 1956 4730 fi-

390 4773 451 4836 li,
480 4774 624 4843 quod
646 4773 893 4831 dicturus
916 4784 1069 4835 sum;
1100 4783 1384 4824 sermones
1410 4768 1487 4821 tui
1515 4767 1765 4837 quamvis
1792 4768 1957 4822 validi

496 4909 540 4940 ‘°
567 4908 723 4964 Deut.
750 4907 981 4973 xxxu,8
1010 4907 1065 4959 in
1088 4903 1261 4961 LXX.

2055 4580 2123 4636 de
2152 4583 2315 4638 rebus
2347 4584 2553 4653 perimo
2582 4582 2916 4649 facultatem,
2960 4584 3056 4639 sed
3106 4584 3397 4639 consilium
3442 4583 3513 4637 do
3564 4600 3634 4637 ne

2056 4694 2152 4749 per
2188 4679 2342 4734 devia
2374 4679 2497 4749 quis
2528 4678 2812 4743 incedens,
2841 4679 2959 4733 sine
2991 4678 3097 4734 ﬁne
3126 4678 3372 4733 incurrat
3393 4692 3629 4733 errores.

2059 4770 2124 4825 Et
2152 4771 2272 4827 ideo
2302 4787 2413 4827 non
2441 4773 2615 4828 solum
2650 4772 3008 4843 sapientibus,
3042 4771 3138 4828 sed
3168 4779 3221 4827 et
3252 4772 3506 4829 omnibus
3534 4771 3635 4826 ho-

1679 5039 2041 5098 COTELERII
2079 5044 2309 5102 NOTIE.

475 5188 575 5263 I78)
626 5185 714 5239 Vel
736 5187 781 5239 si
810 5186 987 5263 aliqua
1016 5195 1093 5241 est
1121 5184 1257 5263 ratio
1287 5180 1388 5263 Ita_c
1412 5177 1815 5247 superior.Vide
1861 5180 1963 5263 ςρ-

396 5252 741 5317 ιθιέξικήοιειε
776 5256 841 5308 ad
883 5252 1326 5310 Clementinorum
1358 5255 1505 5306 hom.
1540 5265 1655 5315 ius,
1689 5267 1837 5305 num.
1869 5252 1956 5317 I2,

396 5334 549 5388 Patr.
573 5328 663 5383 Gr.
714 5333 755 5380 t.
786 5324 846 5379 lI.
880 5324 1036 5379 EDIT.

465 5422 578 5492 (79)
618 5416 995 5492 suntsint
1019 5414 1247 5492 homines
1270 5414 1477 5484 injusti,
1503 5419 1609 5492 etc.
1640 5411 1759 5492 Illuc
1788 5411 1955 5492 perti-

395 5483 489 5549 net
532 5483 663 5545 illud
706 5485 1169 5541 Tertullianeum:
1206 5483 1418 5551 Quanto
1465 5484 1630 5552 magis
1675 5483 1766 5535 hos
1812 5483 1958 5534 Ana-

395 5562 597 5617 charsis
629 5557 947 5615 denotasset,
970 5554 1320 5622 imprudentes
1353 5553 1416 5607 de
1441 5553 1789 5621 prudentibus
1806 5552 1959 5620 judi-

395 5640 595 5695 cantes,
626 5644 783 5700 quam
810 5624 1109 5700 inmusicos
1131 5624 1200 5700 de
1220 5623 1454 5700 musicis.
1474 5622 1806 5700 Apologetici
1823 5638 1870 5677 c.
1901 5623 1951 5700 ί,

397 5720 467 5757 ex
496 5691 648 5756 dicto'
670 5698 790 5767 ejus
826 5693 1200 5767 Scythgapud
1232 5691 1542 5767 Laertiumi
1565 5691 1862 5767 Θαύμάζεψ
1900 5691 1956 5743 δὲ

398 5773 499 5839 ἔψη
535 5772 647 5835 πῶς
681 5762 825 5828 napi
857 5762 964 5829 τόῖς
993 5762 1240 5831 ’Ἓλλησιν
1275 5763 1623 5829 ἀγωνίζονται
1659 5762 1752 5833 μὲν
1786 5765 1832 5816 οἱ
1872 5780 1956 5816 τε-

2064 5191 2298 5260 χνῖταιιθ
2314 5187 2555 5258 κρίνουσι
2587 5188 2643 5243 δὲ
2676 5190 2726 5242 οἱ
2763 5191 2835 5260 μὴ
2866 5192 3122 5260 τεχνῖταμ.
3160 5184 3396 5260 Etapud
3422 5183 3638 5260 Plutar.

2065 5255 2225 5311 chum
2260 5259 2313 5312 in
2347 5255 2545 5330 Solone
2587 5255 2773 5330 ε’Έφή
2804 5255 3022 5330 ιὶὰκέῖνο
3075 5255 3373 5330 Οᾳυμ-άςὲιν
3417 5258 3445 5307 ὁ
3493 5255 3638 5330 ’ᾼνὰτ

2064 5345 2277 5400 χαρσςις,
2313 5328 2576 5400 ἐκκλησίᾳ
2614 5324 3077 5400 παρὰγενὸμενος,
3102 5324 3193 5400 ὃτιξ
3214 5327 3428 5400 λέχοιξσι
3462 5325 3558 5400 εἶὲν
3586 5327 3635 5377 οἱ

2066 5394 2227 5471 acted:-
2250 5394 2644 5471 τξαρ⁹⁹Ἐλλήσι,
2679 5394 2921 5471 ἑρίὶθοιρσί
2968 5399 3043 5471 ,δὲ-
3068 5394 3420 5471 ὀὶᾼάμαθέἰςτ
3466 5394 3639 5449 Recto

2061 5466 2241 5523 Julius
2265 5466 2533 5525 Firmicus
2554 5466 2662 5525 'lib.
2695 5466 2732 5533 ιζ
2760 5486 2810 5524 c.
2838 5469 2920 5525 2,:
2960 5467 3154 5536 luiusti
3178 5466 3300 5521 sunt
3329 5466 3469 5536 enim
3504 5481 3639 5536 sem-

2061 5553 2153 5606 per
2200 5539 2375 5607 (sicut
2420 5541 2694 5609 novimus)
2732 5539 2963 5610 judices,
2992 5535 3080 5609 qui
3117 5539 3179 5592 de
3213 5535 3497 5610 incognitis
3534 5535 3639 5588 sibi

2062 5605 2409 5675 pronuntiant
2440 5611 2611 5666 rebus.
2647 5605 2769 5664 Non
2800 5605 3174 5663 habent'etiam
3213 5605 3497 5675 judicaudi
3544 5620 3641 5655 au-

2064 5681 2381 5742 ctoritatem,
2416 5684 2504 5751 qui
2527 5683 2594 5735 ad
2617 5681 2951 5735 statuendum
2978 5678 3180 5749 aliquid
3206 5678 3449 5745 imperita
3476 5675 3637 5731 licen-

2068 5753 2140 5803 tia
2171 5752 2478 5825 temeritatis
2507 5752 2855 5807 adducuntur.
