4022 6274
383 291 522 349 1399

1304 285 1357 341 S.
1399 281 1795 340 CLEMENTIS
1830 280 2045 338 IROM.
2088 275 2290 337 PONT.
2333 277 2561 335 OPERA
2598 277 2821 340 DUBIL

3512 274 3652 328 1400

378 413 619 469 minibus
664 408 759 478 qui
803 404 1136 461 desiderium
1188 410 1382 472 gerunt
1434 398 1767 472 agnoscendi
1817 397 1964 468 quod
1992 404 2041 460 Α
2069 411 2218 450 mum
2248 395 2400 450 credi
2431 395 2514 451 eis
2543 396 2610 451 de
2644 396 2903 450 omnibus
2953 392 3156 464 quibus
3199 390 3438 447 dixerint
3468 402 3524 447 et
3560 408 3651 446 re-

380 505 483 561 sibi
512 501 750 572 expedit,
780 499 983 556 suadeo
1011 506 1071 551 ut
1100 496 1382 566 requirant
1404 510 1588 548 verum
1613 490 1962 562 Prophetam,

378 597 506 667 quia
538 594 657 664 ipse
686 592 837 648 solus
859 597 965 654 est,
994 588 1087 659 qui
1124 587 1274 642 novit
1303 587 1511 651 omnia,
1535 597 1589 639 et
1615 584 1720 640 scit
1750 583 1880 654 quid
1911 590 1967 637 et

379 684 654 756 quomodo
702 681 1082 751 unusquisque
1128 675 1556 749 quaeratJlnest
1608 675 1757 730 enim
1813 675 1961 728 intra

380 775 818 844 uniuscujusque
854 780 1103 828 nostrum
1142 779 1399 832 mentem,
1453 767 1551 822 sed
1596 767 1651 821 in
1693 766 1802 820 illis
1842 765 1967 836 qui-

380 870 528 932 dem,
553 867 647 937 qui
677 864 1013 923 desiderium
1042 861 1136 917 Dei
1167 859 1467 931 agnitionis
1504 865 1559 911 et
1588 857 1817 927 jnstitiae
1845 856 1965 925 ejus

382 963 589 1017 nullum
612 966 830 1032 gerunt,
860 958 1084 1019 otiatur,
1117 954 1171 1007 in
1199 952 1285 1007 his
1313 967 1445 1006 vero
1475 950 1568 1020 qui
1602 950 1747 1020 quod
1771 949 1967 1003 anima:

381 1070 495 1111 suae
538 1052 758 1122 expedit
802 1054 1074 1119 quaerunt,
1106 1054 1366 1116 operatur
1416 1053 1471 1098 ct
1514 1042 1756 1098 scientia:
1783 1042 1965 1095 lumen

380 1145 651 1202 accendit.
685 1143 915 1214 Pr0pter
944 1139 1090 1210 quod
1135 1138 1310 1208 primo
1340 1136 1585 1190 omnium
1614 1136 1759 1191 hunc
1788 1136 1969 1206 requi-

380 1238 504 1298 rite,
535 1250 696 1305 quem
725 1236 772 1288 si
802 1248 911 1286 non
941 1230 1285 1289 inveneritis.
1319 1227 1391 1283 ab
1421 1229 1528 1282 alio
1558 1243 1658 1282 vos
1681 1228 1964 1297 agnituros

381 1326 588 1397 aliquid
609 1341 717 1380 non
740 1322 990 1394 speretis.
1021 1320 1304 1377 Invenitur
1332 1327 1516 1374 autem
1539 1318 1651 1374 cito
1671 1320 1740 1374 ab
1769 1318 1855 1373 his
1871 1317 1967 1387 qui

379 1419 631 1476 veritatis
670 1430 855 1471 amore
885 1415 1231 1485 perquirunt,
1256 1425 1310 1467 et
1340 1426 1576 1483 quorum
1609 1412 1789 1466 anima
1822 1425 1966 1481 prae-

379 1518 646 1581 occupata
674 1523 784 1564 non
818 1514 1037 1561 tenetur
1061 1506 1118 1559 in
1137 1505 1367 1559 malitia.
1392 1503 1560 1559 Adest
1589 1504 1734 1559 enim
1766 1503 1854 1558 his
1871 1502 1966 1573 qui

380 1622 507 1662 eum
555 1606 612 1659 in
662 1603 980 1660 innocentia
1014 1602 1243 1672 spiritus
1265 1600 1351 1656 sui
1380 1599 1719 1661 desiderant,
1748 1598 1842 1669 qui
1872 1614 1970 1668 per

382 1698 697 1769 patientiam
730 1695 1027 1758 sustinent,
1055 1701 1107 1747 et
1137 1692 1377 1763 suspiria
1427 1690 1495 1745 de
1547 1688 1819 1759 profundo
1844 1703 1968 1743 cor-

2070 484 2393 557 sponderint
2411 524 2428 551 ,
2463 486 2646 542 debet.

2139 577 2276 635 LXI.
2310 578 2528 635 Etenim
2572 577 2990 634 consideremus
3022 575 3341 648 diligentius
3384 590 3525 644 opus
3566 574 3655 627 di-

2067 673 2208 728 vinae
2235 671 2618 729 Providentiae.
2648 669 2783 725 Nam
2814 670 2961 742 quod
2994 669 3305 741 pliiloSOphi
3339 667 3657 722 introduxe-

2068 772 2200 819 runt
2238 765 2407 821 verba
2456 764 2680 821 subtilia
2726 762 2976 834 quaedam
3004 770 3059 817 et
3089 760 3330 817 diﬂicilia
3352 800 3368 825 ,
3399 761 3473 815 ita
3502 766 3656 813 utne

2072 858 2190 927 ipsa
2217 856 2439 926 quidem
2462 855 2730 911 vocabula
2754 869 3069 910 sermonum
3093 861 3222 908 nota
3244 869 3368 909 esse
3396 850 3656 907 omnibus

2069 959 2294 1019 possent
2322 958 2376 1004 et
2403 948 2796 1019 intelligibilia,
2832 946 2976 1002 Deus
3008 962 3104 1002 eos
3134 949 3229 1018 qui
3272 946 3379 1001 sibi
3412 946 3656 999 artiﬁces

2070 1041 2361 1097 verborum
2420 1040 2778 1103 videbantur,
2820 1055 2916 1109 per
2957 1040 3144 1095 omnia
3196 1039 3482 1110 imperitos
3523 1055 3655 1110 erga

2070 1130 2405 1201 agnitionem
2446 1130 2698 1185 veritatis
2733 1128 2993 1185 ostendit.
3032 1128 3275 1200 Simplex
3308 1129 3455 1185 enim
3485 1138 3573 1184 est
3604 1143 3659 1184 et

2070 1221 2361 1278 manifesta
2397 1237 2460 1276 ac
2482 1222 2667 1278 brevis
2690 1238 2875 1277 rerum
2908 1222 3136 1277 scientia
3156 1262 3170 1285 ,
3206 1237 3327 1294 qua:
3350 1236 3447 1292 per
3467 1237 3654 1277 verum

2070 1315 2389 1385 prophetam
2420 1315 2680 1379 traditur,
2712 1330 2875 1385 quam
2910 1314 2999 1369 isti
3026 1330 3122 1384 per
3151 1313 3309 1369 devia
3339 1312 3657 1369 incedentes

2068 1412 2122 1460 et
2151 1421 2413 1475 scrupeas
2452 1406 2742 1461 verborum
2786 1405 3170 1467 diﬂicultatcs,
3212 1413 3324 1459 tota
3367 1405 3657 1475 ignorave-

2068 1505 2197 1552 rnnt
2220 1498 2329 1552 via.
2350 1496 2518 1568 Igitur
2547 1496 2874 1569 verecundis
2900 1504 2956 1551 et
2980 1495 3323 1565 simplicibus
3350 1495 3652 1557 mentibus,

2070 1605 2196 1644 cum
2229 1587 2468 1643 viderint
2511 1587 2627 1643 ﬁeri
2659 1602 2781 1659 qua:
2824 1586 3083 1657 prtedicta
3121 1592 3285 1647 sunt,
3319 1586 3455 1641 satis
3482 1586 3659 1640 abun-

2072 1677 2249 1748 deque.
2280 1677 2508 1745 sufﬁcit,
2536 1687 2597 1733 ut
2626 1679 2694 1735 de
2718 1680 3031 1735 certissima
3075 1677 3420 1748 praescientia
3452 1678 3653 1733 certis-

380 1765 468 1846 ξίίε
496 1790 748 1845 veritatis
778 1803 964 1842 amore
1010 1785 1358 1856 producunt;
1412 1782 1551 1852 fugit
1581 1791 1766 1837 autem
1798 1782 1970 1835 male-
2000 1765 2044 1822 Β
2073 1769 2267 1825 simam
2300 1770 2591 1826 scientiam
2625 1771 2867 1842 capiant,
2898 1778 2951 1825 et
2980 1770 3046 1825 de
3079 1776 3278 1824 caatero
3308 1768 3659 1837 requiescant

379 1882 532 1935 volas
562 1889 772 1935 mentes
790 1879 858 1942 “,
890 1880 1021 1949 quia
1053 1886 1114 1932 ut
1142 1877 1407 1948 propheta
1441 1874 1727 1946 cognoscit
1758 1875 1967 1945 cogita-

379 1972 557 2028 tiones
585 1971 1044 2041 uniuscujusque.
1083 1968 1147 2024 Et
1179 1968 1303 2024 ideo
1334 1983 1497 2023 nemo
1539 1975 1692 2038 putet
1717 1982 1842 2022 eum
1873 1981 1969 2037 per

380 2063 730 2135 prudentiam
743 2078 900 2119 suam
920 2060 1167 2116 invenire
1191 2075 1375 2132 posse,
1396 2059 1533 2125 nisi,
1559 2069 1615 2115 ut
1637 2074 1803 2130 supra
1826 2058 1970 2114 dixi-

381 2172 526 2223 mus,
561 2162 799 2211 mentem
830 2169 986 2210 suam
1007 2154 1155 2209 omni
1180 2153 1421 2223 nequitia
1450 2166 1677 2208 vacuam
1706 2152 1967 2221 eﬂ‘ecerit,

378 2258 543 2320 atque
593 2246 888 2318 agnitionis
936 2245 1060 2315 ejus
1102 2244 1438 2301 desiderium
1472 2260 1671 2315 purum
1712 2256 1768 2301 et
1810 2245 1969 2303 ﬁdele

378 2339 711 2411 conceperit.
750 2338 850 2394 Ubi
882 2337 1031 2393 enim
1078 2338 1239 2393 talem
1294 2353 1354 2393 se
1402 2339 1527 2407 quis
1556 2340 1967 2409 praeparaverit,

380 2436 497 2505 ipse
526 2437 585 2487 u‘t
615 2430 902 2502 propheta,
920 2430 1116 2485 videns
1135 2438 1495 2501 praeparatam
1517 2439 1755 2487 mentem
1774 2441 1970 2502 sponte

379 2540 440 2582 se
470 2524 694 2580 adhibet
727 2522 796 2579 ad
828 2523 1261 2595 agnoscendum.

448 2698 563 2755 LX.
595 2699 654 2754 Si
682 2700 809 2770 quis
853 2700 1021 2771 igitur
1048 2700 1165 2755 vult
1208 2700 1393 2755 omnia
1440 2698 1693 2764 discere,
1729 2716 1833 2755 non
1871 2717 1967 2773 per

381 2793 599 2862 singula
645 2790 990 2860 discutiens;
1040 2808 1221 2863 neque
1263 2793 1411 2848 enim
1456 2794 1693 2863 poterit,
1726 2808 1851 2847 cum
1896 2793 1968 2847 sit

381 2886 668 2951 mortalis,
708 2884 805 2941 Dei
854 2886 1187 2958 investigare
1222 2887 1518 2942 consilium
1548 2895 1603 2942 et
1644 2888 1819 2957 ipsam
1863 2886 1969 2940 im-

383 2978 736 3033 mensitatem
782 2979 1121 3050 perscrutari
1156 2998 1169 3034 :
1213 2978 1310 3035 sed
1356 2980 1401 3035 si
1442 2979 1686 3044 discere,
1725 2988 1783 3034 ut
1823 2977 1966 3033 dixi-

382 3084 540 3133 mus,
571 3069 754 3124 omnia
786 3069 1086 3135 desiderat,
1118 3086 1309 3126 verum
1340 3072 1662 3142 prophetam
1694 3071 1958 3141 requirat.

382 3159 553 3227 Quem
578 3176 702 3216 cum
727 3162 1028 3227 invenerit,
1065 3178 1177 3218 non
1201 3163 1600 3233 questionibus
1630 3170 1685 3217 et
1715 3162 1967 3233 disputa-

382 3253 625 3308 tionibus
673 3268 851 3323 neque
903 3253 1243 3324 argumentis
1299 3268 1425 3307 cum
1471 3267 1539 3306 eo
1583 3262 1743 3322 agat,
1780 3253 1877 3308 sed
1920 3253 1967 3308 si

383 3344 515 3414 quid
545 3345 925 3415 responderit,
954 3346 999 3401 si
1031 3344 1164 3416 quid
1201 3343 1647 3414 pronuntiaverit
1666 3384 1682 3409 ,
1711 3344 1814 3400 hoc
1845 3360 1970 3399 cer-

384 3445 500 3491 tum
551 3453 674 3493 esse
718 3452 831 3491 non
878 3444 1060 3507 potest
1108 3436 1373 3493 dubitari.
1420 3436 1485 3492 Et
1530 3436 1653 3493 ideo
1692 3448 1969 3510 quaeratur

386 3545 549 3585 verus
581 3528 846 3601 pr0pbeta
893 3538 1022 3585 ante
1046 3530 1264 3594 omnia,
1293 3538 1348 3584 et
1376 3529 1497 3599 ejus
1541 3530 1702 3584 verba
1745 3537 1971 3587 tenean-

387 3631 518 3686 tur;
570 3623 625 3676 in
670 3621 876 3693 quibus
934 3621 1070 3676 illud
1130 3622 1510 3678 tantummodo
1561 3622 1968 3679 discutiendum

386 3716 685 3787 unicuique
711 3722 827 3781 est,
856 3723 916 3769 ut
946 3714 1255 3770 satisfaciat
1286 3715 1391 3771 sibi
1423 3717 1472 3770 si
1501 3732 1629 3772 vere
1650 3715 1969 3787 prophetica

384 3809 506 3879 ejus
538 3809 702 3864 verba
731 3818 895 3873 sunt,
931 3808 986 3864 id
1019 3816 1104 3865 est
1124 3847 1140 3874 ,
1171 3809 1218 3866 si
1251 3809 1613 3865 indubitatam
1645 3808 1804 3864 tidem
1830 3824 1967 3863 cono

388 3901 565 3955 tinent
594 3899 906 3954 futurorum
928 3939 945 3966 ,
971 3900 1019 3955 si
1050 3909 1295 3970 tempora
1342 3899 1568 3956 deﬁnita
1608 3899 1966 3970 consignant,

386 3991 433 4047 si
467 4005 651 4045 rerum
679 3990 924 4046 ordinem
951 3998 1207 4056 servant,
1236 3991 1281 4048 si
1313 4006 1425 4046 non
1454 4006 1579 4063 quae
1607 3990 1782 4062 prima
1814 3998 1967 4059 sunt,

388 4082 687 4138 novissima
707 4124 722 4148 ,
751 4090 806 4139 et
836 4100 958 4154 quae
989 4086 1043 4139 in
1075 4084 1394 4141 novissimis
1425 4092 1577 4155 gesta
1599 4091 1761 4149 sunt,
1792 4084 1970 4156 prima

388 4184 719 4243 narrarunt,
749 4178 797 4234 si
824 4180 963 4233 nihil
991 4186 1274 4236 versutum
1294 4219 1311 4246 ,
1346 4180 1482 4234 nihil
1513 4182 1724 4251 magica
1753 4188 1869 4235 arte
1900 4179 1969 4235 ad

389 4268 769 4340 decipiendum
821 4270 1188 4342 compositum
1247 4273 1563 4336 continent,
1617 4279 1712 4327 aut
1759 4272 1808 4328 si
1856 4285 1968 4326 non

389 4376 512 4430 qua:
539 4360 663 4416 aliis
690 4361 927 4416 revelata
967 4370 1131 4427 sunt,
1165 4362 1231 4417 ad
1263 4378 1321 4418 se
1350 4364 1694 4418 transtulerit
1717 4360 1970 4418 admistis

2069 1862 2307 1917 evidenti
2334 1862 2612 1933 agnitione
2632 1863 2888 1918 veritatis
2910 1868 3225 1931 assumpta;
3250 1867 3452 1915 caetera
3473 1862 3659 1913 omnia

2068 1954 2431 2013 aestimatione
2485 1961 2827 2019 tractantur,
2876 1953 2933 2008 in
2984 1953 3186 2024 quibus
3243 1950 3463 2005 ﬁrmum
3520 1949 3661 2004 nihil

2069 2064 2193 2104 esse
2221 2056 2423 2119 potest.
2463 2046 2599 2114 Quis
2650 2047 2796 2103 enim
2840 2062 3024 2103 sermo
3074 2059 3182 2110 est,
3219 2045 3314 2117 qui
3360 2061 3471 2100 non
3518 2044 3662 2099 reci-

2070 2140 2185 2212 piat
2233 2140 2768 2197 contradictionem?
2813 2146 2868 2196 et
2919 2154 3039 2210 quae
3088 2138 3490 2210 argumentatio
3534 2145 3655 2198 est,

2068 2250 2192 2305 qua:
2221 2249 2331 2289 non
2373 2235 2551 2305 possit
2599 2234 2708 2288 alia
2754 2233 3230 2303 argumentatione
3274 2230 3565 2287 subverti?
3593 2228 3661 2283 Et

2032 2326 2197 2381 oinde
2240 2333 2326 2381 est
2371 2324 2520 2396 quod
2557 2324 2627 2381 ad
2671 2325 2880 2379 nullum
2930 2324 3092 2379 ﬁnem
3140 2324 3387 2380 scientia:
3413 2331 3468 2378 et
3504 2326 3663 2392 agni-

2068 2418 2236 2474 tionis
2269 2434 2365 2489 per
2394 2418 2706 2487 hujusmodi
2747 2417 3174 2489 disputationem
3224 2416 3516 2489 pervenire
3555 2416 3665 2470 ho-

2069 2514 2244 2570 mines
2308 2521 2577 2583 possunt,
2633 2513 2902 2583 priusque
2958 2512 3120 2567 tinem
3182 2511 3309 2566 vitae
3366 2508 3661 2563 inveniunt

2067 2623 2232 2678 qnam
2274 2609 2663 2678 quaestionum.

2141 2698 2301 2753 LXII.
2347 2700 2410 2753 Et
2450 2698 2575 2755 ideo
2620 2714 2744 2753 eum
2783 2699 2837 2753 in
2865 2698 2952 2755 his
2983 2698 3167 2753 omnia
3219 2698 3529 2753 habeantur
3569 2697 3658 2751 in-

2068 2800 2219 2847 certa
2239 2830 2256 2856 ,
2287 2793 2356 2848 ad
2389 2808 2577 2847 verum
2612 2791 2932 2862 prophetam
2977 2790 3305 2847 veniendum
3336 2799 3422 2848 est
3444 2833 3459 2857 ,
3491 2806 3656 2861 quem

2068 2883 2215 2941 Deus
2246 2884 2408 2939 Pater
2439 2885 2626 2940 volens
2657 2884 2726 2940 ab
2757 2884 3014 2940 omnibus
3044 2884 3231 2954 diligi,
3262 2884 3378 2939 haec
3406 2900 3525 2955 qua:
3557 2884 3659 2937 ho-

2067 2979 2243 3033 mines
2292 2978 2659 3039 induxerunt,
2694 2977 2748 3030 in
2787 2977 2992 3047 quibus
3043 2976 3181 3031 nihil
3231 2984 3415 3047 potest
3462 2992 3657 3046 appre-

2067 3069 2229 3125 hendi
2248 3108 2265 3133 ,
2294 3070 2465 3124 voluit
2494 3070 2714 3140 penitus
2741 3070 3094 3140 exstinguere
3115 3110 3130 3133 ,
3160 3076 3221 3123 ut
3244 3084 3310 3125 eo
3340 3071 3513 3141 magis
3552 3070 3658 3127 iste

2069 3171 2441 3235 quereretur,
2494 3172 2551 3219 et
2598 3179 2760 3234 quem
2794 3164 2871 3218 illi
2919 3164 3313 3228 obclnserant,
3346 3162 3435 3218 hic
3481 3164 3653 3221 homi-

2071 3257 2235 3312 nibus
2276 3256 2421 3311 viam
2462 3256 2713 3311 veritatis
2755 3256 3013 3327 aperiret.
3044 3255 3275 3329 Propter
3318 3257 3465 3312 hunc
3508 3258 3659 3312 enim

2071 3349 2218 3405 Deus
2246 3348 2414 3404 etiam
2440 3349 2703 3404 mundum
2733 3347 2861 3404 fecit
2894 3356 2948 3403 et
2972 3348 3039 3403 ab
3069 3348 3188 3418 ipso
3216 3348 3455 3405 mundus
3481 3349 3663 3420 reple-

2069 3450 2195 3507 tur,
2225 3441 2374 3496 unde
2403 3448 2457 3495 et
2485 3439 2860 3511 quaerentibus
2883 3455 2942 3494 se
2972 3437 3127 3494 adest
3167 3439 3371 3510 ubique
3391 3480 3406 3506 ,
3437 3440 3659 3496 etiamsi

2069 3536 2127 3591 in
2146 3534 2353 3590 ultimis
2383 3540 2543 3588 terra
2574 3532 2778 3587 ﬁnibus
2808 3541 3107 3602 quaeratur.
3138 3531 3193 3586 Si
3223 3549 3351 3589 vero
3376 3549 3485 3588 non
3517 3548 3661 3602 pure

2068 3642 2196 3684 eum
2223 3626 2349 3697 quis
2381 3641 2484 3681 nec
2534 3634 2723 3680 sancte
2756 3640 2935 3695 neque
2968 3624 3197 3679 ﬁdeliter
3239 3637 3478 3697 quaerat,
3510 3627 3659 3681 intra

2070 3718 2250 3792 ipsum
2279 3718 2500 3790 quidem
2531 3726 2648 3784 est,
2682 3718 2811 3788 quia
2858 3718 3058 3787 ubique
3087 3724 3171 3773 est
3202 3727 3257 3773 et
3288 3720 3432 3774 intra
3459 3735 3664 3775 sensus

2068 3808 2313 3864 omnium
2347 3807 2654 3871 invenitur;
2688 3804 2818 3869 sed,
2854 3814 2913 3859 ut
2948 3820 3114 3874 supra
3155 3804 3432 3870 diximus,
3464 3804 3660 3860 inﬁdi.»

2069 3901 2212 3957 libus
2248 3899 2453 3955 dormit
2481 3906 2536 3955 et
2567 3899 2767 3953 absens
2813 3897 3048 3953 habetur
3083 3897 3200 3960 his,
3230 3912 3261 3952 a
3286 3898 3487 3969 quibus
3527 3913 3659 3953 esse

2070 4009 2181 4049 non
2205 3992 2471 4049 creditur.
2497 3988 2746 4061 Cumque
2773 3990 2888 4044 haec
2913 3996 2970 4045 et
2994 3990 3098 4045 alia
3125 3989 3435 4060 hujusmodi
3459 3989 3658 4047 Petrus

2068 4086 2137 4143 de
2163 4102 2293 4141 vero
2323 4083 2586 4156 propheta
2621 4091 2950 4155 prosecutus
2979 4090 3162 4147 esset,
3198 4084 3390 4140 turbas
3420 4083 3656 4150 dimisit,

2068 4194 2254 4235 senem
2285 4193 2414 4234 vero
2439 4193 2564 4233 cum
2596 4184 2845 4248 rogasset
2872 4177 3168 4248 plurimum
3202 4193 3523 4249 permanere
3551 4192 3657 4232 no-

2068 4270 2282 4326 biscum
2303 4308 2319 4336 ,
2349 4269 2601 4325 obtinere
2627 4284 2738 4324 non
2767 4270 2945 4340 potuit
2971 4311 2986 4337 ,
3016 4270 3109 4327 sed
3138 4279 3192 4326 et
3219 4270 3337 4343 ipse
3360 4270 3614 4327 discessit
3633 4312 3656 4336 ,

2070 4364 2177 4418 alia
2207 4363 2297 4419 die
2319 4362 2464 4418 sicut
2491 4362 2771 4432 placuerat
2813 4363 3113 4419 rediturus.
3146 4356 3212 4418 Et
3242 4372 3365 4435 post
3392 4348 3508 4419 hanc
3546 4379 3658 4421 nos

392 4452 712 4508 mendaciis.
750 4452 818 4507 Et
852 4468 978 4509 cum
1013 4454 1101 4509 bis
1129 4455 1581 4511 omnibus'recto
1608 4454 1818 4525 judicio
1850 4454 1967 4509 dis—
1997 4468 2042 4524 ι)
2071 4470 2181 4510 una
2219 4470 2346 4510 cum
2381 4452 2547 4509 Petro
2591 4453 2828 4525 ingressi
2875 4454 3208 4527 hospitium,
3233 4455 3358 4511 cibo
3386 4463 3439 4511 et
3466 4455 3658 4527 quiete

390 4543 601 4609 cussis,
643 4544 812 4601 verba
861 4546 1171 4602 constiterit
1212 4561 1338 4602 esse
1381 4547 1736 4617 prophetica,
1761 4547 1837 4602 ita
1867 4545 1964 4601 de-

2072 4548 2237 4602 solito
2267 4547 2496 4602 utimur.

1578 4823 1933 4913 LIBER
2031 4821 2487 4915 NONUS.

465 5111 503 5164 Ι.
548 5108 807 5181 Sequenti
837 5108 924 5162 die
954 5106 1149 5161 Petrus
1178 5121 1286 5161 una
1321 5106 1608 5161 nobiscum
1658 5116 1874 5163 mature
1896 5109 1965 5163 ad

388 5205 571 5260 locum
591 5243 607 5268 ,
640 5201 694 5256 in
718 5216 828 5273 quo
860 5199 1036 5270 pridie
1065 5197 1251 5254 habita
1282 5196 1458 5253 fuerat
1488 5188 1812 5270 disputatio,
1837 5215 1969 5272 pro-

387 5297 633 5368 peravit,
664 5303 827 5367 atque
850 5294 925 5349 ibi
956 5308 1077 5349 cum
1102 5293 1365 5363 plurimas
1389 5291 1501 5362 jam
1533 5292 1600 5347 ad
1633 5292 1964 5350 audiendum

389 5389 713 5445 convenisse
738 5387 931 5441 turbas
951 5393 1006 5441 et
1029 5400 1214 5442 senem
1246 5400 1372 5440 cum
1411 5384 1493 5440 eis
1522 5384 1762 5449 videret,
1795 5386 1871 5440 ait
1895 5386 1965 5443 ad

390 5497 515 5537 eum
548 5502 561 5535 :
592 5480 862 5537 Hesterna
909 5478 1034 5544 die,
1065 5492 1099 5530 ο
1131 5493 1328 5544 senex,
1362 5492 1488 5533 cum
1524 5476 1803 5534 Clemente
1848 5479 1966 5550 pla-

393 5582 584 5629 cuerat
609 5581 668 5627 ut
697 5572 859 5628 hodie
906 5585 1088 5627 sermo
1127 5569 1281 5628 ﬁeret
1300 5610 1316 5636 ,
1346 5579 1401 5627 et
1430 5578 1523 5626 aut
1552 5583 1610 5627 tu
1649 5573 1968 5630 ostenderes

464 5686 505 5716 “
538 5684 667 5754 Sap.
696 5701 733 5748 l,
759 5685 811 5739 ὅ.

1989 5002 2057 5016 *-

2070 5113 2209 5168 nihil
2239 5121 2393 5169 extra
2425 5116 2669 5185 genesim
2699 5113 2814 5169 ﬁeri
2838 5153 2853 5179 ,
2885 5121 2978 5167 aut
3004 5113 3260 5172 Clemens
3304 5115 3525 5172 doceret
3555 5132 3654 5189 ge-

2072 5208 2246 5262 nesim
2278 5223 2388 5262 non
2418 5222 2542 5263 esse
2572 5205 2690 5279 [sed
2723 5204 2776 5260 in
2808 5206 2966 5261 nobis
2992 5215 3045 5262 et
3076 5207 3131 5262 in
3163 5220 3350 5264 nostra
3381 5219 3653 5278 potestate

2071 5299 2257 5355 haberi
2301 5316 2423 5373 quae
2449 5297 2731 5371 gerimus].
2757 5298 2838 5353 Ad
2871 5299 2987 5354 haec
3016 5316 3180 5357 senex
3223 5302 3509 5372 respondit
3539 5320 3554 5356 :
3581 5300 3651 5356 Et

2069 5393 2199 5464 quid
2254 5393 2519 5464 placuerit
2566 5390 2830 5457 memini,
2866 5400 2922 5447 et
2967 5403 3060 5447 tua
3104 5394 3271 5449 verba
3320 5402 3481 5450 teneo
3526 5409 3653 5465 qua

2071 5495 2195 5556 post
2223 5486 2507 5555 pactiones
2536 5483 2757 5538 locutus
2775 5484 2907 5550 es“,
2938 5486 3138 5557 quibus
3167 5486 3402 5542 docuisti
3439 5488 3650 5556 impos-

2074 5576 2233 5631 sibile
2271 5591 2395 5632 esse
2424 5574 2631 5631 homini
2673 5575 2818 5631 scire
2863 5576 3068 5649 aliquid
3090 5618 3107 5644 ,
3137 5578 3246 5633 nisi
3282 5593 3313 5633 a
3342 5595 3476 5636 vero
3506 5576 3650 5633 Pro-

924 5685 969 5716 "
1000 5683 1056 5738 In
1085 5685 1244 5741 codd.
1278 5686 1455 5763 Lipss.
1492 5689 1711 5763 omissis
1740 5690 1828 5755 iis,
1855 5705 1975 5760 qua:
2004 5691 2272 5763 usquead
2305 5707 2427 5763 cap.
2462 5690 2530 5747 I6
2553 5690 2697 5747 med.
2729 5699 3055 5763 sequuntur,
3086 5692 3168 5747 sic
3195 5692 3394 5749 lenitur
3424 5709 3438 5745 :
3474 5691 3648 5748 Laru-

390 5766 477 5809 tua
512 5772 587 5811 es.
616 5756 812 5810 Deinde
833 5765 1136 5824 prosecutus
1165 5772 1319 5811 senex
1343 5756 1533 5828 adjecit
1557 5774 1573 5812 :
1602 5759 1812 5815 Certum
1845 5756 1921 5817 est
1956 5756 2156 5818 mihict
2186 5762 2307 5819 bene
2330 5756 2445 5821 novi
2469 5763 2593 5836 quia
2624 5756 3087 5837 compaginationc,
3123 5772 3229 5819 etc.
