4036 6252
301 290 431 345 1401

1518 295 2080 356 RECOGNlTlONUM
2119 298 2247 354 LIB.
2290 299 2380 357 IX.

3414 312 3547 369 “02

297 408 458 473 poeta
504 400 778 460 didicerit.
818 402 886 458 Et
926 403 1121 460 Petrus
1155 425 1166 460 :
1198 403 1425 473 Nescis,
1471 406 1681 478 inquit,
1730 426 1869 480 quo-
1901 418 1945 473 Α
1974 418 2185 467 mentes
2214 412 2495 467 hominum
2525 416 2831 486 corrumpit
2875 433 2940 472 ac
2972 419 3159 484 violat,
3193 429 3245 475 et
3271 437 3300 474 a
3331 422 3550 480 druide-

299 495 463 548 modo
510 495 775 563 dixerim,
811 498 905 552 sed
956 513 1104 553 nunc
1144 509 1195 553 te
1232 514 1334 570 ego
1376 501 1768 565 commonebo,
1801 502 1868 559 de

298 588 582 643 voluntate
608 589 718 643 dixi
747 599 799 644 et
835 591 1068 645 consilio
1098 590 1221 656 Dei,
1246 608 1410 662 quam
1453 593 1644 649 habuit
1684 599 1867 665 priuse

300 696 462 750 quam
497 683 731 737 mundus
753 691 926 745 esset,
985 694 1039 738 et
1070 700 1179 754 quo
1218 685 1450 741 consilio
1493 686 1682 744 fecerit
1710 704 1871 743 mun-

300 772 429 827 dum
451 813 466 837 ,
499 782 748 844 tempora
800 776 1086 840 statuerit,
1126 776 1297 847 legem
1341 777 1585 844 dederit,
1611 780 1777 850 justis
1802 780 1871 836 ad

301 864 566 920 bonorum
599 864 1089 924 remunerationem
1123 869 1361 924 futurum
1383 873 1640 927 saculum
1662 875 1868 943 promi-

300 960 468 1021 serit,
501 959 723 1028 injustis
755 976 942 1031 poenas
969 977 1036 1016 ex
1063 962 1255 1033 judicii
1284 965 1553 1020 sententia
1584 967 1870 1033 statuerit;

300 1051 404 1106 hoc
425 1066 527 1123 ego
552 1052 662 1107 dixi
692 1054 982 1109 consilium
1001 1095 1016 1120 ,
1049 1063 1103 1110 et
1132 1056 1272 1111 hanc
1317 1057 1649 1113 voluntatem
1680 1058 1773 1114 Dei
1804 1061 1873 1115 ab

299 1145 610 1201 hominibus
631 1147 861 1201 inveniri
897 1162 1003 1201 non
1028 1163 1210 1217 posse,
1234 1150 1364 1219 quia
1398 1165 1561 1205 nemo
1587 1151 1873 1207 hominum

299 1246 481 1307 potest
529 1253 750 1294 sensum
780 1238 875 1295 Dei
924 1240 1260 1309 conjecturis
1288 1251 1343 1296 et
1370 1243 1731 1299 aestimatione
1760 1243 1876 1298 eol-

299 1330 467 1401 ligere
488 1371 503 1396 ,
536 1332 641 1386 nisi
684 1332 947 1401 propheta
981 1333 1051 1386 ab
1078 1348 1145 1388 eo
1200 1333 1406 1390 missus
1459 1336 1723 1391 enuntiet.
1755 1333 1877 1390 Non

296 1438 428 1496 ergo
455 1424 523 1479 de
552 1425 970 1496 quibuscunque
1012 1426 1319 1497 disciplinis
1350 1434 1445 1481 aut
1475 1428 1674 1483 studiis
1723 1428 1873 1493 dixi,

296 1516 427 1585 quia
477 1515 707 1569 inveniri
738 1515 858 1570 sine
900 1517 1163 1587 prapheta
1190 1527 1282 1570 aut
1313 1517 1441 1573 sciri
1473 1533 1581 1572 non
1624 1519 1872 1587 possint;

298 1608 500 1679 quippe
533 1610 625 1678 qui
656 1608 828 1663 sciam
869 1618 925 1663 et
958 1609 1191 1663 artilicia
1221 1618 1275 1664 et
1303 1610 1624 1681 disciplinas
1661 1612 1791 1667 sciri
1823 1619 1879 1667 et

306 1703 554 1755 exerceri
585 1700 655 1754 ab
685 1700 1026 1763 hominibus,
1058 1716 1197 1771 quas
1224 1717 1332 1755 non
1366 1718 1397 1755 a
1425 1718 1551 1758 vero
1582 1704 1876 1774 propheta,

295 1791 395 1847 sed
425 1807 455 1845 a
485 1793 766 1863 magistris
799 1793 1109 1848 hominibus
1138 1793 1451 1850 didicerint.

370 1886 435 1941 ll.
475 1885 743 1952 Quoniam
776 1900 906 1957 ergo
946 1893 999 1941 te
1038 1884 1319 1955 professus
1366 1901 1427 1942 es
1480 1903 1710 1958 gnarum
1748 1903 1874 1943 esse

291 1978 587 2050 positionis
622 1978 861 2034 siderum
900 1986 954 2035 et
1003 1979 1285 2034 stellarum
1323 1994 1544 2043 cursus,
1572 1996 1635 2035 ex
1668 1980 1872 2050 quibus

292 2070 657 2125 convinceres
685 2070 1020 2127 Clementem
1050 2070 1197 2141 quod
1226 2071 1414 2139 genesi
1458 2071 1642 2126 omnia
1680 2072 1867 2141 subjav

288 2168 474 2223 eeant,
511 2172 602 2215 aut
630 2160 699 2215 ab
728 2160 846 2231 ipso
873 2160 1119 2218 disceres
1171 2162 1316 2234 quod
1351 2177 1448 2232 per
1468 2160 1873 2219 Providentiam

290 2260 562 2324 reguntur
587 2254 863 2317 universa,
887 2263 941 2308 et
963 2262 1047 2310 est
1069 2254 1231 2309 etiam
1253 2254 1454 2324 aliquid
1487 2255 1541 2309 in
1573 2254 1751 2322 nobis,
1770 2256 1873 2309 hoc

285 2345 552 2416 expedire
595 2362 692 2400 vos
739 2346 1014 2400 convenit.
1045 2346 1125 2400 Ad
1176 2346 1291 2401 hac
1337 2361 1498 2402 senex
1538 2347 1820 2417 respondit
1855 2366 1869 2403 :

284 2443 412 2498 Jam
446 2440 665 2511 quidem
707 2442 1078 2496 necessarium
1106 2456 1215 2495 non
1250 2452 1367 2495 erat
1398 2440 1711 2511 hujusmodi
1754 2458 1875 2496 mo-

284 2551 421 2591 vere
453 2535 802 2605 quaestiones,
829 2534 874 2589 si
908 2534 1169 2604 possibile
1197 2541 1343 2589 esset
1361 2535 1518 2590 nobis
1541 2549 1572 2588 a
1602 2550 1732 2590 vero
1754 2550 1877 2606 pro-

286 2628 461 2698 pheta
490 2627 703 2682 discere
734 2634 787 2680 et
816 2626 1005 2680 audire
1054 2625 1274 2681 definita
1311 2626 1607 2693 sententia,
1637 2627 1767 2698 quia
1799 2628 1874 2682 sit

285 2718 502 2789 aliquid
521 2720 574 2772 in
596 2719 750 2775 nobis
771 2726 825 2774 et
841 2720 894 2773 in
914 2719 1125 2773 arbitrii
1150 2720 1388 2789 positum
1407 2719 1690 2789 libertate;
1715 2720 1873 2776 valde

284 2812 441 2867 enim
496 2825 582 2865 me
619 2826 801 2867 scrmo
840 2819 968 2867 tuus
1007 2810 1174 2865 movit
1210 2810 1522 2879 hesternus,
1569 2813 1623 2866 in
1656 2829 1765 2883 quo
1804 2813 1873 2868 de

284 2902 503 2956 virtute
541 2900 857 2970 prophetica
883 2901 1198 2971 disputasti.
1234 2900 1390 2955 Unde
1417 2910 1471 2956 et
1499 2918 1600 2974 ego
1632 2904 1873 2959 assentio

283 3004 344 3072 et
391 2994 663 3048 eontirmo
694 2995 1021 3048 sententiam
1068 3003 1240 3060 tuam,
1274 2996 1403 3065 quia
1432 2995 1569 3050 nihil
1591 3002 1775 3066 potest
1804 2995 1874 3051 ab

283 3085 521 3140 homine
569 3092 778 3138 certum
819 3084 1295 3156 indubitatumque
1338 3086 1617 3157 cognosci,
1669 3086 1760 3140 cui
1819 3096 1875 3143 et

282 3182 557 3250 exiguum
589 3179 716 3233 vitae
759 3186 977 3248 tempus
1006 3186 1090 3233 est
1118 3187 1173 3235 et
1216 3182 1382 3235 breve
1412 3196 1475 3235 ac
1505 3188 1667 3236 tenue
1695 3179 1874 3251 spira-

282 3289 443 3334 men,
473 3286 583 3340 quo
613 3270 833 3325 retineri
854 3270 1070 3325 videtur
1092 3271 1147 3325 in
1175 3273 1305 3325 vita.
1332 3270 1714 3327 Verumtamen
1746 3285 1876 3341 quo-

283 3364 445 3420 niam
490 3362 813 3433 priusquam
854 3360 923 3416 de
957 3363 1275 3433 prophetica
1303 3362 1505 3417 virtute
1534 3362 1740 3431 aliquid
1770 3378 1874 3419 au-

280 3454 500 3518 direm,
554 3452 830 3522 pollicitus
874 3453 1064 3507 videor
1091 3451 1380 3517 Clementi,
1414 3460 1474 3507 ut
1503 3451 1872 3518 ostenderem,

280 3546 424 3617 quia
456 3545 643 3599 omnia
666 3545 912 3615 subjecta
938 3552 1067 3599 sunt
1100 3546 1307 3616 genesi,
1333 3554 1426 3599 aut
1449 3545 1518 3599 ab
1546 3547 1664 3614 ipso
1697 3544 1877 3602 disce-

280 3652 434 3700 rem,
469 3636 600 3706 quia
628 3644 714 3691 est
746 3636 950 3706 aliquid
970 3644 1025 3691 et
1058 3636 1113 3690 in
1137 3635 1318 3700 nobis,
1352 3642 1569 3706 praestet
1602 3633 1736 3687 mihi
1760 3634 1877 3703 ipse

280 3731 345 3786 in
376 3729 493 3784 hoc
510 3728 739 3798 gratiam
768 3736 827 3782 ut
849 3730 1056 3799 primus
1084 3729 1310 3799 incipiat
1335 3736 1390 3783 et
1416 3742 1537 3798 quae
1557 3725 1722 3796 objiei
1750 3740 1879 3795 pos-

280 3829 450 3885 sunt,
486 3827 756 3890 proponat
785 3830 840 3875 et
876 3820 1155 3887 absolvat;
1186 3833 1287 3890 ego
1318 3818 1489 3884 enim,
1518 3832 1583 3872 ex
1613 3832 1723 3887 quo
1744 3830 1877 3887 pau-

278 3918 372 3972 cis
404 3928 441 3967 a
475 3919 533 3969 te
561 3912 745 3968 audivi
773 3912 842 3969 de
868 3915 1072 3969 virtute
1099 3912 1416 3984 prophetiae,
1448 3910 1878 3984 magnitudinem

277 3991 661 4082 praescientiae
697 4005 1056 4061 considerans
1092 4005 1370 4075 obstupui,
1396 4003 1591 4067 fateor,
1632 4018 1733 4057 nec
1761 4017 1879 4056 om-

279 4103 426 4158 nino
479 4097 858 4169 recipiendum
891 4098 1191 4169 quidquam
1219 4112 1442 4161 censeo,
1486 4095 1634 4167 quod
1690 4094 1881 4164 conje-

278 4191 474 4251 cturis
502 4196 559 4244 et
584 4188 949 4244 aestimatione
984 4189 1281 4258 colligitur.

354 4283 453 4344 lll.
503 4279 574 4334 Et
612 4296 736 4334 eum
762 4280 876 4335 haec
908 4296 1071 4336 senex
1104 4280 1355 4343 dixisset,
1379 4294 1480 4352 ego
1506 4277 1763 4334 Clemens
1790 4277 1880 4331 di-

279 4392 420 4433 cere
452 4377 537 4431 ita
569 4372 708 4441 οωρὶ
742 4391 756 4427 :
788 4370 931 4427 Deus
952 4388 1049 4443 per
1079 4371 1273 4425 Filium
1304 4387 1465 4427 suum
1494 4371 1699 4425 creavit
1730 4385 1884 4423 mun-

1967 503 2051 558 rio
2078 505 2190 559 veri
2221 503 2420 575 Sponsi
2454 506 2744 574 seducens,
2778 509 2931 563 illicit
2966 513 3031 565 ad
3048 514 3224 569 aliena
3253 514 3545 574 desideria.

2038 594 2129 654 IV.
2170 596 2277 653 Sed
2334 597 2480 654 dicet
2518 600 2718 671 aliquis
2754 616 2769 654 :
2806 602 2949 669 Quid
2986 620 3119 675 ergo
3151 623 3376 663 necesse
3428 621 3547 665 erat

1970 684 2135 742 istum
2171 688 2471 759 principem
2526 690 2665 755 fieri,
2718 694 2811 763 qui
2843 709 2873 747 a
2907 712 3034 750 vero
3060 699 3307 768 principe
3338 713 3547 757 mentes

1970 780 2255 836 hominum
2283 781 2627 838 declinaret?
2656 784 2922 852 Quoniam
2956 788 3097 845 Deus
3135 793 3251 860 qui,
3286 802 3345 847 ut
3394 795 3545 859 dixi,

1970 869 2111 925 Filio
2139 887 2240 927 suo
2291 874 2500 929 amicos
2530 876 2703 929 voluit
2731 891 3059 947 praeparare,
3107 895 3214 933 non
3269 895 3364 935 eos
3412 883 3547 937 tales

1970 979 2096 1019 esse
2120 965 2314 1029 voluit,
2342 966 2438 1036 qui
2465 969 2789 1022 necessitate
2834 977 3044 1025 naturae
3079 971 3225 1025 aliud
3257 972 3388 1041 quid
3426 989 3547 1028 esse

1973 1071 2083 1110 non
2107 1064 2352 1126 possent,
2386 1056 2480 1113 sed
2505 1058 2596 1127 qui
2632 1058 2859 1113 arbitrio
2890 1076 2989 1114 suo
3023 1070 3076 1116 et
3110 1063 3391 1117 voluntate
3422 1066 3545 1117 llOlll

1972 1162 2098 1204 esse
2113 1148 2677 1221 desiderarent;quia
2708 1152 3097 1208 neclaudahile
3124 1165 3229 1219 est,
3261 1156 3406 1226 quod
3438 1172 3547 1210 non

1974 1247 2060 1295 est
2103 1239 2488 1306 desiderabile,
2541 1258 2643 1297 nec
2691 1244 2895 1299 bonum
2926 1246 3228 1314 judicatur,
3261 1248 3405 1317 quod
3441 1264 3551 1302 non

1977 1333 2261 1403 proposito
2288 1335 2562 1405 expetitur
2593 1351 2608 1388 :
2644 1334 2779 1389 nihil
2806 1337 2951 1391 enim
2982 1337 3161 1392 laudis
3189 1347 3273 1393 est
3304 1340 3355 1393 id
3407 1355 3548 1405 esse,

1977 1440 2009 1479 a
2038 1440 2148 1495 quo
2187 1431 2242 1480 te
2266 1427 2469 1481 mutari
2499 1434 2711 1482 naturae
2743 1430 3048 1483 necessitas
3081 1446 3188 1484 non
3225 1432 3386 1486 sinat.
3416 1431 3541 1487 Pro-

1978 1516 2217 1571 videntia
2244 1533 2374 1590 ergo
2406 1517 2501 1574 Dei
2542 1519 2823 1574 hominum
2864 1521 3268 1576 multitudinem
3302 1526 3453 1578 nasci
3496 1527 3548 1579 in

1977 1608 2083 1662 hoc
2114 1608 2319 1663 mundo
2348 1610 2541 1674 voluit,
2575 1618 2635 1665 ut
2677 1628 2745 1665 ex
2794 1612 3043 1682 pluribus
3093 1613 3428 1682 eligerentur
3457 1616 3550 1684 qui

1976 1701 2183 1770 justam
2224 1702 2512 1772 diligerent
2551 1702 2739 1758 vitam.
2772 1702 2837 1757 Et
2866 1703 2997 1773 quia
3030 1712 3350 1773 praesentem
3392 1720 3550 1758 mun-

1906 1773 1949 1827 Β
1978 1794 2107 1848 dum
2138 1794 2386 1864 praevidit
2414 1810 2523 1849 non
2571 1795 2733 1850 aliter
2774 1810 2933 1865 posse
2977 1796 3080 1849 nisi
3132 1796 3450 1850 diversitate
3499 1803 3552 1851 ct

1974 1886 2343 1958 inaequalitate
2373 1894 2647 1950 constare,
2666 1887 2965 1942 secundum
2993 1888 3343 1956 praesentium
3369 1901 3550 1940 rerum

1973 1977 2322 2035 diversitates
2371 1978 2668 2048 unicuique
2722 1980 2889 2034 menti
2940 1979 3246 2033 libertatem
3301 1987 3549 2032 motuum

1975 2069 2147 2134 dedit,
2172 2078 2227 2125 et
2258 2070 2404 2125 hunc
2433 2072 2739 2142 principem
2771 2072 2975 2141 posuit,
3007 2087 3118 2141 quo
3143 2086 3219 2125 lea
3248 2085 3371 2140 qua!
3415 2085 3551 2125 eon-

1976 2162 2146 2216 traria
2190 2163 2448 2217 videntur
2479 2165 2745 2235 agitante,
2786 2164 2983 2219 electio
3012 2164 3303 2217 meliorum
3339 2164 3579 2225 virtutis,

1973 2266 2138 2323 opere
2177 2260 2475 2308 constaret.

2046 2343 2111 2399 ν.
2129 2343 2234 2399 Sed
2259 2352 2319 2399 ut
2336 2346 2548 2415 planius
2574 2345 2818 2416 ﬁatquod
2836 2345 3091 2407 dicimus.
3111 2360 3207 2415 per
3223 2344 3434 2415 singula
3456 2361 3554 2400 ex-

1972 2436 2524 2509 ponemus.Nunquid
2536 2454 2748 2505 omnes,
2762 2438 2912 2494 verbi
2928 2439 3121 2509 gratia,
3139 2439 3421 2509 oportebat
3435 2454 3557 2494 esse

1976 2532 2032 2586 in
2062 2531 2166 2586 hoc
2214 2533 2420 2587 mundo
2449 2548 2627 2607 reges,
2678 2544 2772 2587 aut
2809 2534 3111 2603 principes,
3145 2544 3237 2589 aut
3279 2532 3554 2596 dominos,

1975 2629 2071 2676 aut
2112 2623 2456 2693 paedagogos,
2478 2631 2572 2678 aut
2600 2624 2966 2693 Iegisperitos,
2992 2632 3087 2677 aut
3113 2634 3444 2695 geometras,
3464 2636 3559 2681 aut

1974 2713 2255 2778 aurifices,
2285 2723 2377 2769 aut
2400 2715 2659 2785 pistores,
2689 2715 3001 2779 autfabros,
3028 2724 3122 2769 aut
3145 2722 3556 2788 grammaticos,

1976 2814 2071 2861 aut
2087 2806 2308 2869 divites,
2333 2815 2427 2862 aut
2444 2808 2734 2878 agricolas,
2760 2815 2854 2861 aut
2878 2809 3123 2871 olitores,
3139 2818 3233 2863 aut
3257 2812 3560 2880 piscatores

1978 2907 2075 2952 aut
2096 2900 2531 2969 pauperes?th
2546 2907 2754 2954 eertum
2775 2907 2859 2954 est
2900 2901 3028 2970 quia
3076 2916 3267 2956 omnes
3295 2914 3416 2955 esse
3448 2916 3558 2953 non

1977 2997 2247 3058 poterant.
2280 2983 2496 3044 Omnia'
2518 2998 2701 3045 tamen
2737 2990 2853 3045 haae
2883 2991 3058 3046 oflicia
3097 2999 3151 3047 et
3191 2994 3364 3047 multo
3402 2994 3559 3062 plura

1981 3097 2224 3150 praesens
2254 3082 2362 3136 vita
2400 3082 2681 3137 hominum
2712 3083 2966 3153 requirit,
2988 3092 3041 3139 et
3070 3085 3189 3139 sine
3216 3084 3302 3140 his
3331 3085 3561 3155 transigi

1981 3188 2091 3227 non
2119 3180 2328 3243 potest;
2350 3184 2435 3230 est
2456 3190 2589 3245 ergo
2618 3177 2931 3231 necessaria
2966 3177 3021 3231 in
3052 3178 3156 3233 hoc
3200 3177 3402 3234 mundo
3429 3177 3562 3234 inae-

1980 3266 2241 3337 qualitas.
2262 3264 2379 3322 Non
2399 3268 2543 3323 enim
2576 3277 2755 3338 potest
2784 3285 2908 3324 esse
2932 3285 3049 3334 rex,
3077 3271 3182 3326 nisi
3210 3270 3405 3326 ha’beat
3421 3286 3562 3341 quos

1980 3365 2134 3429 regat
2161 3369 2217 3415 et
2248 3360 2451 3429 quibus
2483 3361 2735 3432 imperet,
2779 3377 2957 3431 neque
2991 3370 3173 3433 potest
3220 3379 3342 3419 esse
3384 3363 3562 3417 domi-

1983 3464 2111 3513 nus,
2136 3451 2245 3504 nisi
2276 3450 2477 3506 habeat
2511 3452 2600 3505 cui
2624 3452 2959 3521 dominetur,
2982 3462 3035 3509 et
3057 3463 3257 3508 caetera
3285 3453 3559 3509 similiter.

2054 3541 2143 3597 Vl.
2170 3541 2364 3599 Sciens
2393 3558 2525 3614 ergo
2553 3543 2818 3599 Conditor
2846 3562 2877 3599 a
2900 3548 3050 3601 nullo
3080 3554 3273 3616 sponte
3303 3544 3474 3601 veniri
3495 3544 3563 3599 ad

1984 3648 2239 3704 agonem,
2281 3633 2411 3689 dum
2444 3633 2715 3705 refugitur
2739 3636 2914 3700 labor,
2947 3636 3050 3691 hoc
3082 3645 3167 3692 est
3200 3634 3267 3690 ad
3297 3652 3560 3691 exercen-

1977 3726 2078 3781 das
2109 3733 2256 3781 artes
2288 3725 2424 3781 istas
2454 3741 2591 3796 quas
2622 3742 2789 3797 supra
2838 3727 3101 3791 diximus,
3149 3743 3246 3798 per
3295 3742 3434 3797 quas
3476 3729 3561 3783 vel

1973 3817 2191 3888 justitia
2222 3819 2657 3890 uniuscujusque
2683 3821 2763 3875 vel
2793 3819 3172 3875 misericordia
3221 3818 3561 3874 manifestari

1979 3918 2181 3981 potest,
2215 3928 2419 3982 corpus
2465 3911 2674 3965 homini
2702 3911 2854 3973 fecit,
2889 3910 3035 3980 quod
3074 3910 3273 3965 famem
3305 3917 3360 3965 et
3413 3909 3561 3963 sitim

1979 4013 2033 4059 et
2067 4003 2241 4075 frigus
2264 4004 2553 4074 reciperet,
2571 4010 2630 4056 ut
2652 4002 2932 4057 reﬁciendi
2960 4001 3209 4070 corporis
3225 4016 3392 4055 causa
3413 4015 3559 4054 com-

1981 4095 2122 4165 pulsi
2152 4095 2423 4157 humines,
2455 4092 2523 4147 ad
2569 4106 2761 4147 omnes
2812 4106 2951 4161 quas
2998 4106 3163 4160 supra
3209 4091 3564 4159 exposuimus

1984 4192 2133 4239 artes
2169 4184 2349 4237 victus
2374 4181 2707 4237 necessitate
2738 4179 3156 4236 descenderent.
3188 4178 3307 4233 Cibi
3342 4178 3486 4233 enim
3511 4186 3565 4233 et

1984 4284 2147 4346 potus
2163 4285 2328 4345 atque
2348 4273 2649 4328 indumenti
2673 4274 2870 4343 gratia,
2884 4272 3129 4343 singulas
3149 4286 3394 4341 quasque
3416 4278 3565 4325 artes

1982 4375 2235 4436 expetere
2259 4366 2569 4421 edocemur.
2599 4363 2665 4418 Et
2688 4365 2777 4419 hic
2801 4365 2913 4433 jam
2946 4361 3383 4431 uniuscujusque
3410 4376 3566 4413 tuen-

278 4474 423 4527 dum
470 4476 738 4536 tanquam
767 4465 1039 4535 duplicem
1072 4466 1318 4530 domum,
1367 4463 1659 4533 interjectu
1694 4464 1879 4517 firma-
1915 4493 1958 4549 υ
1987 4470 2059 4514 tis
2090 4457 2430 4529 propositum
2482 4456 2817 4519 declaratur,
2853 4464 3032 4509 utrum
3067 4452 3449 4508 necessitatem
3477 4449 3560 4504 fa-

282 4561 469 4619 menti
500 4559 673 4629 hujus
702 4558 848 4629 quod
885 4558 1084 4613 ecelum
1116 4559 1422 4628 appellatur
1453 4556 1793 4620 distinctam,
1829 4564 1884 4611 et

280 4660 341 4715 in
370 4655 666 4727 superiori
698 4653 919 4725 quidem
948 4654 1222 4726 angelicas
1268 4653 1517 4707 habitare
1546 4654 1800 4714 virtutes,
1828 4652 1884 4704 in

283 4757 405 4810 isto
431 4757 628 4803 autem
653 4745 857 4802 visibili
885 4747 1089 4800 mundo
1123 4747 1279 4800 nasci
1320 4747 1601 4801 hominum
1634 4748 1885 4799 multitu-

280 4849 489 4903 dinem
537 4838 713 4904 dedit,
746 4856 813 4894 ex
857 4840 1057 4911 quibus
1086 4839 1306 4909 eligeret
1328 4841 1535 4893 amicos
1578 4837 1715 4892 Filio
1748 4853 1881 4901 suo,

281 4951 425 4994 cum
458 4932 675 5003 quibus
704 4932 996 4993 laetaretur,
1019 4937 1073 4986 et
1101 4931 1193 5002 qui
1223 4931 1272 4985 ei
1306 4939 1563 5000 tanquam
1594 4946 1797 5000 sponso
1829 4936 1889 4982 ut

281 5034 506 5088 dilecta
540 5038 744 5093 sponsa
775 5033 1115 5093 pararentur.
1148 5022 1347 5078 Verum
1378 5038 1551 5092 usque
1578 5023 1644 5076 ad
1676 5025 1891 5093 nuptia-

282 5139 422 5182 rum
469 5127 722 5184 tempus,
754 5117 896 5185 quod
931 5125 1017 5173 est
1060 5116 1349 5186 praesentia
1399 5115 1585 5170 saeculi
1632 5118 1888 5182 venturi,

284 5212 507 5275 statuit
541 5210 800 5261 virtutem
826 5207 1135 5275 quamdam,
1167 5223 1289 5279 quae
1316 5222 1383 5261 ex
1428 5206 1517 5262 bis
1545 5222 1668 5275 qua:
1702 5208 1758 5261 in
1787 5208 1890 5263 hoc

284 5303 519 5365 mundo
548 5305 875 5363 nascuntur,
905 5298 1068 5368 eligat
1097 5307 1150 5354 et
1198 5297 1473 5354 custodiat
1518 5299 1790 5362 meliores,
1828 5314 1893 5354 ac

283 5402 491 5461 εει-γει
519 5390 665 5446 Filio
694 5404 795 5445 suo
824 5397 1193 5459 sequestratos
1225 5391 1421 5445 inloco
1442 5391 1675 5462 quodam
1704 5389 1895 5445 mundi

283 5493 390 5550 nui
423 5492 599 5544 extra
629 5488 911 5552 peccatum
940 5492 1044 5549 est,
1079 5481 1133 5535 in
1160 5498 1268 5552 quo
1291 5484 1403 5551 jam
1436 5490 1565 5537 sunt
1599 5483 1893 5553 aliquanti,

283 5558 393 5664 qui
431 5578 516 5638 ibi
542 5576 695 5630 velut
720 5588 942 5645 sponsa,
973 5582 1028 5630 ul
1053 5573 1188 5638 dixi,
1210 5573 1409 5629 decora
1438 5573 1507 5629 ad
1537 5576 1723 5653 sponsi
1760 5590 1899 5645 νη,

286 5681 553 5744 uetitiam
588 5677 981 5743 praeparantur.
1006 5669 1140 5725 Nam
1166 5670 1352 5725 mundi
1385 5671 1547 5741 hujus
1575 5679 1629 5728 et
1658 5685 1898 5743 praesen-

289 5776 369 5832 tis
437 5781 720 5837 temporis
774 5765 1026 5837 princeps
1083 5762 1330 5819 adultero
1378 5764 1576 5819 similis
1623 5774 1735 5830 est,
1804 5762 1895 5833 qui

1990 4554 2093 4606 mis
2118 4559 2172 4606 et
2215 4550 2436 4621 frigoris
2481 4564 2578 4619 per
2628 4548 2773 4601 furta
2804 4555 2857 4602 et
2890 4543 3183 4600 homicidia
3214 4559 3279 4599 ac
3322 4543 3565 4613 periuria

1989 4646 2215 4711 sarciat,
2252 4658 2457 4714 perque
2499 4642 2606 4695 alia
2640 4638 2955 4710 hujusmodi
3000 4638 3231 4703 scelera,
3284 4651 3354 4690 an
3392 4634 3561 4704 justi-

1988 4742 2140 4803 tiam,
2170 4736 2626 4799 misericordiant,
2663 4732 3171 4801 continentiamque
3220 4728 3562 4791 custodiens,

1990 4830 2126 4885 artis
2163 4828 2348 4884 studio
2377 4835 2432 4884 et
2460 4840 2719 4880 manuum
2751 4824 2937 4879 labore
2983 4821 3322 4877 imminentis
3376 4835 3566 4875 neces—

1992 4924 2172 4977 sitatis
2200 4922 2413 4992 expleat
2435 4920 2822 4976 ministerium.
2855 4917 2912 4973 Si
2942 4916 3091 4971 enim
3122 4929 3246 4968 cum
3272 4913 3490 4982 justitia
3513 4905 3568 4967 et

1996 5021 2195 5089 pietate
2222 5034 2285 5073 ac
2313 5016 2685 5073 misericordia
2704 5012 3086 5069 necessitatem
3107 5007 3354 5078 corporis
3388 5015 3570 5060 trans-

1994 5113 2125 5183 igat,
2148 5112 2296 5166 velut
2322 5109 2585 5180 propositi
2617 5108 2808 5175 agonis
2838 5105 3032 5167 victor,
3057 5103 3266 5156 amicus
3296 5098 3420 5153 Filii
3469 5097 3565 5154 Dei

1993 5209 2047 5257 et
2075 5200 2281 5256 electus
2311 5199 2585 5266 abscedit;
2618 5200 2662 5253 si
2694 5211 2819 5251 vero
2846 5210 2941 5265 per
2970 5193 3208 5255 fraudes,
3247 5205 3341 5261 per
3369 5189 3575 5258 iniqui-

1995 5301 2136 5349 tates
2164 5302 2217 5346 et
2254 5292 2464 5347 scelera
2489 5287 2951 5358 concupiscentiis
2983 5284 3220 5341 deservit
3263 5279 3571 5351 corporali-

1998 5389 2125 5452 bus,
2146 5385 2410 5457 principis
2431 5384 2596 5453 hujus
2619 5381 2806 5437 mundi
2826 5388 2989 5450 atque
3000 5377 3242 5433 omnium
3261 5373 3575 5428 daemonum

1999 5484 2210 5535 amicus
2239 5478 2492 5539 efﬁcitur,
2537 5494 2567 5530 a
2617 5475 2816 5545 quibus
2851 5473 3017 5527 etiam
3061 5470 3164 5524 hoc
3199 5467 3479 5524 edocetur,
3513 5472 3572 5515 ut

2000 5575 2279 5632 stellarum
2309 5570 2564 5626 cursibus
2591 5570 2855 5622 malorum
2878 5578 3101 5619 suorum
3134 5559 3370 5615 ascribat
3420 5570 3575 5611 erro-

2001 5684 2112 5733 res,
2148 5681 2286 5738 quos
2316 5663 2536 5719 nonnisi
2576 5658 2860 5732 proposito
2907 5670 2973 5710 ac
3013 5657 3296 5710 voluntate
3347 5648 3571 5719 delegit.

2003 5760 2214 5816 Etenim
2249 5767 2415 5822 artes,
2450 5759 2702 5825 cogente,
2755 5755 2813 5805 ut
2850 5746 3109 5812 diximus,
3157 5742 3265 5799 cibi
3298 5755 3363 5795 ae
3409 5745 3571 5810 potus
