4036 6252
587 281 606 335 l
620 284 722 338 ιοδ

1500 280 1560 337 S.
1600 280 1993 337 CLEMENTIS
2022 285 2040 338 l
2076 282 2243 339 ROM.
2283 281 2483 340 PONT.
2518 280 2751 337 OPE‘RA
2783 277 3010 337 DUBIA.

3639 292 3746 352 Ml.

584 399 885 468 voluptate,
919 396 1209 453 discuntur
1231 407 1284 454 et
1311 411 1666 469 exercentur;
1699 419 1820 473 qua:
1868 404 2115 473 voluptas
2136 446 2151 468 ,
2186 414 2227 470 Α
2258 410 2417 468 sunt,
2449 404 2508 455 u't
2535 417 2602 455 ex
2633 416 2820 456 earum
2860 395 3160 455 certamine
3198 398 3401 453 on'atur
3429 399 3577 470 justis
3607 410 3747 475 palma

582 504 708 544 cum
737 491 1031 545 accesserit
1051 493 1345 565 unicuique
1371 495 1619 549 veritatis
1636 496 1861 565 agnitio,
1887 495 2155 549 infirmior
2254 494 2494 549 victoriae
2523 502 2576 549 et
2605 494 2860 546 meritum
2893 491 3262 561 praemiorum.

581 579 818 636 efﬁcitur
893 583 1219 641 succedente
1280 586 1636 657 parcimonia.
1691 586 1941 652 Quantus
2006 587 2152 641 enim

581 682 833 745 Sumptus
863 684 967 738 est,
999 692 1137 747 aqua
1170 689 1220 733 et
1248 695 1385 749 pane
1417 680 1695 734 utentibus
1718 690 1773 735 et
1802 680 1946 734 hunc
1978 695 2008 733 a
2040 678 2151 733 Deo

577 765 963 836 sperantibus?

650 855 760 911 VII.
798 855 889 911 Est
920 873 1070 928 ergo,
1106 868 1163 912 ut
1187 858 1447 923 diximus,
1469 860 1782 915 necessaria
1812 860 2059 931 quaedam
2094 861 2151 913 in

579 945 989 1017 dispensatione
1021 948 1206 1001 mundi
1238 949 1603 1017 inaequalitas,
1634 952 1761 1005 dum
1804 966 1994 1005 omnes
2024 952 2149 1020 qui-

581 1038 705 1094 dem
730 1037 975 1092 homines
1012 1054 1119 1091 non
1166 1040 1347 1092 omnia
1375 1048 1607 1108 possunt
1633 1042 1776 1096 scire
1805 1042 1889 1097 vel
1922 1042 2149 1112 implere

580 1128 833 1191 artificia,
869 1144 970 1183 usu
1015 1136 1199 1182 tamen
1244 1137 1299 1183 et
1350 1129 1658 1185 ministerio
1716 1132 1958 1185 omnium
2012 1145 2149 1201 pene

576 1235 770 1275 omnes
819 1220 1082 1290 indigent,
1110 1229 1164 1273 et
1190 1220 1260 1273 ob
1291 1220 1395 1274 hoc
1426 1237 1651 1276 necesse
1683 1229 1766 1277 est
1810 1222 1976 1276 alium
2020 1238 2150 1291 ope-

573 1311 708 1379 rari,
743 1312 905 1365 alium
935 1312 1184 1381 operanti
1212 1312 1453 1380 praebere
1484 1312 1813 1377 mercedem,
1844 1314 2009 1367 alium
2040 1330 2149 1369 ser-

572 1408 708 1471 vire,
732 1407 898 1461 alium
923 1406 1215 1472 dominari,
1252 1408 1416 1461 alium
1450 1408 1586 1478 regi,
1618 1409 1787 1462 alium
1812 1424 2019 1479 regere.
2041 1409 2147 1465 Sed

574 1497 717 1551 hanc
750 1497 1171 1566 inmqualitatem
1195 1514 1316 1567 quae
1345 1500 1661 1552 mortalium
1693 1500 1861 1554 vitam
1893 1516 2149 1555 necessa-

572 1589 656 1642 rio
685 1590 976 1642 subsecuta
1005 1597 1108 1651 est,
1136 1587 1320 1642 divina
1338 1587 1685 1644 Providentia
1712 1591 1767 1644 in
1799 1592 2146 1646 occasionem

565 1677 827 1747 justitiae,
870 1679 1259 1733 misericordiae
1318 1678 1782 1750 humanitatisque
1833 1681 2142 1745 convertit,

2323 582 2414 639 1X.
2452 582 2526 636 Ex
2553 583 2681 638 istis
2709 597 2839 650 ergo
2869 580 3071 634 accidit
3099 580 3367 634 interdum
3387 620 3401 645 ,
3437 590 3491 635 ut
3515 584 3557 639 si
3585 586 3663 655 qui
3688 589 3752 642 in-

2252 675 2596 728 continenter
2623 675 2870 745 egerint,
2901 682 2954 727 et
2984 688 3093 726 non
3124 682 3331 727 tantum
3358 674 3597 731 obsistere
3620 695 3748 748 quam

2250 766 2443 821 cedere
2482 774 2645 835 atque
2684 767 2739 820 in
2779 765 3089 835 semetipsis
3128 764 3261 819 dare
3298 765 3375 820 eis
3420 768 3661 824 voluerint
3688 773 3753 825 lo-

2260 875 2383 914 cum
2402 899 2415 923 ,
2448 858 2612 912 noxia
2642 873 2831 913 earum
2865 857 3199 928 aspiratione
3227 866 3502 927 generetur
3530 860 3747 934 intempe.

2260 958 2377 1004 rata
2403 958 2458 1004 et
2486 950 2683 1004 vitiosa
2715 950 3023 1019 progenies.
3056 947 3192 1002 Dum
3226 948 3366 1004 enim
3395 958 3553 1005 totum
3584 954 3755 1011 libidini

2250 1042 2563 1111 indulgetur
2607 1047 2661 1096 et
2712 1040 3021 1095 observatio
3067 1041 3215 1095 nulla
3255 1042 3476 1095 coeundi
3514 1053 3621 1109 est,
3658 1048 3753 1102 illo-

2252 1148 2375 1187 rum
2408 1134 2526 1187 sine
2551 1132 2715 1187 dubio
2744 1133 3051 1187 daemonum
3074 1174 3089 1195 ,
3123 1133 3325 1203 quibus
3362 1133 3472 1187 haec
3502 1151 3755 1208 perurgen-

2249 1226 2395 1278 tihus
2426 1223 2591 1289 fiunt,
2624 1225 2754 1278 vitia
2786 1234 2840 1279 et
2872 1224 3197 1295 fragilitates
3227 1225 3455 1294 suscipit
3492 1226 3753 1297 importuna

2248 1318 2548 1386 generatio.
2604 1315 2669 1369 Et
2716 1315 2839 1370 ideo
2886 1332 2992 1385 pro
3031 1316 3343 1382 hujusmodi
3379 1317 3516 1372 vitiis
3550 1330 3755 1375 natorum

2247 1406 2470 1459 obnoxii
2506 1417 2667 1460 erunt
2704 1414 2956 1476 parentes
2983 1446 2997 1470 ,
3031 1408 3124 1476 qui
3154 1408 3325 1476 legem
3358 1423 3567 1464 servare
3594 1425 3757 1464 concu-

2246 1498 2393 1553 bitus
2421 1500 2735 1561 noluerunt,
2760 1499 2886 1552 licet
2909 1499 3019 1552 sint
3038 1505 3092 1552 et
3117 1500 3237 1553 aliae
3260 1515 3437 1555 causa:
3461 1506 3758 1566 secretiores,

2247 1590 2446 1659 quibus
2476 1590 2561 1643 his
2600 1590 2759 1645 malis
2796 1589 3045 1643 obnoxia:
3072 1588 3386 1645 efficiuntur
3415 1592 3622 1655 animae,
3650 1609 3758 1662 quas

2246 1696 2393 1734 nunc
2441 1679 2698 1751 proferre.
2730 1680 2990 1750 temporis
3036 1696 3146 1735 non
3193 1690 3296 1737 est.
3348 1680 3545 1737 Tamen
3588 1693 3763 1752 oportet

572 1777 633 1824 ut
674 1769 804 1824 dum
835 1769 950 1823 haac
1000 1771 1143 1825 inter
1166 1771 1414 1827 homines
1442 1780 1699 1841 aguntur,
1743 1772 1815 1827 sit
1846 1773 2142 1841 unicuique
2174 1792 2215 1850 Β
2244 1789 2687 1842 unumquemque
2733 1788 3031 1844 agnoscere
3064 1774 3235 1845 legem
3269 1776 3361 1831 Dei
3385 1815 3400 1841 ,
3435 1785 3491 1830 ut
3517 1792 3579 1832 ex
3606 1793 3660 1833 ea
3692 1794 3765 1849 ge-

567 1880 735 1920 causa
758 1865 905 1935 juste
938 1863 1132 1933 agendi
1186 1879 1312 1918 cum
1342 1879 1430 1926 eo,
1481 1865 1570 1919 cui
1597 1880 1807 1920 merces
1839 1866 2023 1935 operis
2048 1881 2143 1920 ex-

563 1957 828 2014 solvenda
857 1964 960 2019 est,
975 1967 1028 2012 et
1044 1955 1279 2011 faciendi
1314 1957 1747 2012 misericordiam
1766 1973 1889 2011 cum
1918 1972 2003 2023 eo,
2023 1957 2140 2027 qui,

567 2050 847 2107 debilitate
872 2047 1125 2103 fortassis
1155 2056 1250 2102 aut
1288 2049 1516 2118 penuria
1546 2049 1939 2113 intercedente,
1989 2049 2143 2103 debi-

566 2149 681 2196 tum
708 2140 919 2195 solvere
950 2154 1057 2194 non
1081 2146 1279 2208 potest,
1318 2140 1412 2195 sed
1445 2147 1498 2194 et
1526 2139 1763 2194 humane
1793 2140 1985 2211 agendi
2016 2156 2140 2194 cum

565 2233 654 2287 his
689 2232 783 2302 qui
829 2226 1148 2285 conditione
1184 2230 1439 2284 videntur
1480 2230 1726 2294 obnoxii,
1766 2232 2141 2285 mansuetudi-

567 2339 691 2378 nem
724 2338 941 2393 quoque
971 2320 1334 2377 conservandi
1360 2335 1489 2391 erga
1534 2321 1834 2389 subjectos,
1863 2330 1919 2375 et
1957 2322 2141 2375 omnia

565 2426 796 2483 prorsus
839 2408 1059 2481 gerendi
1105 2408 1411 2463 secundum
1456 2410 1627 2480 legem
1661 2407 1775 2463 Dei.
1809 2407 1965 2464 Dedit
1995 2410 2141 2464 enim

569 2505 766 2575 legem,
791 2502 993 2571 juvans
1023 2516 1119 2570 per
1143 2501 1249 2554 hoc
1281 2501 1552 2555 humanas
1577 2509 1810 2563 mentes,
1842 2508 1901 2554 ut
1922 2500 2139 2557 facilius

562 2610 694 2666 erga
740 2592 1166 2662 unumquodque
1197 2592 1434 2661 qualiter
1471 2591 1556 2655 agi
1599 2589 1842 2656 deberet,
1890 2590 2141 2645 adverte-

564 2700 709 2754 rent,
751 2705 858 2760 qua
896 2687 984 2743 via
1016 2686 1319 2756 effugerent
1361 2687 1563 2740 malum
1607 2693 1661 2740 et
1697 2700 1805 2756 qua
1842 2683 1910 2738 ad
1955 2683 2137 2738 futura

562 2782 849 2838 tenderent
882 2780 1046 2843 bona,
1089 2785 1141 2834 et
1167 2787 1227 2831 ut
1259 2780 1314 2832 in
1357 2792 1497 2848 aqua
1517 2777 1821 2847 regenerati
1849 2792 1945 2846 per
1972 2791 2137 2846 opera

560 2873 723 2935 bona,
743 2873 916 2941 ignem
936 2878 1161 2924 vetustae
1179 2869 1482 2924 nativitatis
1503 2868 1934 2938 exstinguerent.
1954 2866 2136 2920 Prima

559 2962 704 3018 enim
761 2968 950 3015 nostra
997 2960 1258 3016 nativitas
1316 2976 1412 3029 per
1448 2960 1627 3030 ignem
1675 2958 2137 3029 concupiscentia:

560 3053 863 3117 descendit,
896 3060 951 3107 et
973 3052 1096 3107 ideo
1115 3051 1527 3123 dispensatione
1542 3051 1729 3105 divina
1758 3049 1997 3104 secunda
2022 3049 2135 3104 haec

559 3162 657 3221 per
694 3162 890 3217 aquam
929 3145 1317 3209 introducitur,
1356 3161 1478 3215 quae
1515 3145 1819 3214 restinguat
1856 3144 1997 3212 ignis
2036 3158 2133 3197 na-
2160 3173 2201 3228 ο

562 3244 780 3301 turam,
816 3242 870 3290 et
908 3234 1123 3289 caelesti
1166 3236 1362 3306 spiritu
1402 3235 1586 3288 anima
1623 3233 1929 3287 illuminata
1977 3232 2131 3304 (80),

559 3336 762 3383 metum
781 3327 969 3397 prima:
990 3327 1293 3381 nativitatis
1308 3326 1550 3395 abjiciat,
1572 3325 1618 3379 si
1644 3332 1824 3380 tamen
1843 3325 1917 3378 ita
1934 3323 2001 3378 de
2017 3324 2137 3378 reli-

559 3433 676 3488 quo
698 3418 878 3484 vivat,
905 3427 964 3471 ut
979 3418 1156 3472 nullas
1173 3415 1399 3470 omnino
1417 3416 1607 3470 mundi
1648 3415 1810 3485 hujus
1826 3414 2135 3484 voluptates

562 3510 841 3581 requirat,
875 3507 971 3564 sed
1000 3508 1072 3564 sit
1102 3516 1358 3577 tanquam
1396 3507 1715 3579 peregrinus
1744 3512 1797 3562 et
1831 3506 2038 3561 advena
2068 3505 2132 3571 ⁸³,

562 3612 728 3673 atque
761 3601 986 3657 alterius
1020 3600 1261 3655 civitatis
1291 3599 1449 3655 civis.

635 3693 770 3749 Vlll.
811 3691 919 3748 Sed
950 3691 1184 3747 fortasse
1218 3691 1370 3746 dicas
1393 3731 1408 3756 ,
1434 3692 1562 3761 quia
1594 3691 1648 3745 in
1679 3691 1765 3746 his
1795 3691 2043 3763 quidem,
2077 3694 2133 3748 in

562 3786 762 3856 quibus
793 3782 1060 3838 naturalis
1098 3781 1400 3836 necessitas
1438 3780 1607 3851 exigit
1645 3782 1841 3835 artium
1879 3797 2133 3850 operum-

561 3894 668 3948 que
724 3874 1125 3939 ministerium,
1180 3878 1359 3943 potest
1403 3870 1781 3941 unusquisque
1828 3870 2027 3927 habere
2077 3873 2133 3927 in

562 3977 858 4042 potestate,
886 3981 1106 4023 servare
1125 3965 1394 4036 justitiam
1418 3972 1472 4020 et
1494 3965 1713 4018 modum
1738 3963 1822 4019 vel
1845 3964 2132 4020 desideriis

563 4064 646 4118 vel
676 4061 888 4117 actibus
918 4074 1078 4130 quem
1120 4056 1250 4113 velit
1288 4057 1604 4126 imponere;
1643 4055 1771 4126 quid
1808 4055 1877 4110 de
1911 4056 2133 4127 aegritu-

560 4154 780 4209 dinibus
828 4152 1074 4207 dicemus
1122 4156 1176 4205 et
1220 4148 1658 4212 infirmitatibus,
1712 4162 1835 4217 qua:
1879 4146 2132 4202 accidunt

561 4246 904 4307 hominibus,
936 4252 990 4299 et
1016 4242 1160 4313 quod
1188 4240 1527 4296 daemonibus
1564 4239 1810 4294 nonnulli
1869 4247 2132 4310 urgentur

560 4346 614 4392 ct
664 4336 912 4390 febribus
961 4341 1015 4389 et
1060 4332 1391 4404 frigoribus,
1443 4331 1693 4385 nonnulli
1740 4330 1902 4386 etiam
1948 4330 2131 4385 furore

560 4438 797 4500 aguntur
827 4434 880 4483 et
910 4434 1090 4481 mente
1116 4424 1412 4490 excidunt;
1445 4431 1498 4478 et
1525 4422 1707 4477 omnia
1738 4422 1829 4477 illa
1850 4463 1865 4488 ,
1897 4438 2017 4493 quae
2047 4422 2131 4476 in-

2243 1865 2472 1919 nerandi
2501 1866 2903 1919 observantiam
2936 1879 3116 1921 sumat
3141 1874 3196 1921 et
3224 1866 3574 1923 immunditiae
3593 1883 3759 1924 causas

2242 1957 2510 2019 declinet,
2564 1966 2622 2010 ut
2670 1958 2842 2027 possit
2901 1958 3164 2013 mundum
3204 1974 3329 2015 esse
3362 1962 3503 2030 quod
3545 1961 3764 2032 gignitur.

2239 2044 2426 2114 Neque
2484 2046 2629 2100 enim
2684 2045 2766 2100 fas
2818 2055 2939 2115 est,
3004 2056 3064 2101 ut
3142 2050 3197 2103 in
3232 2050 3541 2119 plantandis
3585 2051 3767 2121 quidem

2241 2135 2491 2205 virgultis
2541 2135 2623 2189 vel
2660 2136 2715 2191 in
2753 2136 3087 2193 seminandis
3150 2138 3403 2209 frugibus
3449 2150 3768 2210 opportunum

2241 2232 2458 2294 tempus
2510 2235 2787 2295 quaeratur
2816 2266 2832 2291 ,
2887 2235 3033 2280 terra
3113 2241 3381 2299 purgetur
3427 2239 3582 2300 atque
3620 2231 3767 2284 omnia

2240 2330 2361 2385 quae
2388 2318 2644 2371 convenit
2674 2326 3071 2389 praaparentur,
3105 2336 3173 2375 ne
3202 2321 3348 2375 forte
3378 2338 3557 2377 semen
3592 2322 3764 2391 jactum

2242 2408 2470 2461 laedatur
2501 2416 2556 2461 et
2584 2416 2807 2477 pereat,
2842 2417 2897 2463 et
2928 2410 2986 2463 in
3016 2412 3135 2466 solo
3169 2412 3394 2470 homine
3414 2454 3429 2479 ,
3470 2414 3559 2485 qui
3595 2423 3666 2468 est
3691 2429 3768 2467 su-

2240 2515 2342 2570 per
2371 2498 2487 2552 hazc
2518 2499 2729 2564 omnia,
2758 2500 2974 2556 serendi
3004 2502 3321 2559 observatio
3349 2506 3497 2559 nulla
3526 2505 3769 2567 habeatur,

2240 2591 2387 2645 nulla
2418 2592 2650 2649 cautela.
3432 2666 3435 2673 Α

2308 2680 2376 2736 Χ.
2417 2680 2522 2737 Sed
2571 2683 2733 2754 quid,
2777 2686 2924 2756 quod
2972 2688 3261 2755 nonnulli,
3318 2690 3535 2761 inquit,
3582 2706 3690 2746 cum
3730 2690 3775 2744 in

2238 2774 2416 2843 prima
2455 2782 2615 2829 aetate
2657 2775 2863 2845 absque
2905 2777 3041 2831 vitio
3083 2778 3289 2834 fuerint
3328 2781 3631 2852 corporali,
3669 2794 3772 2850 pro-

2239 2880 2396 2920 cessu
2449 2867 2710 2936 temporis
2758 2868 3050 2923 incurrunt
3098 2870 3213 2926 haec
3259 2873 3443 2938 mala,
3493 2874 3565 2927 ita
3607 2882 3659 2927 ut
3695 2870 3776 2926 ali-

2238 2958 2429 3027 quanti
2465 2960 2629 3013 etiam
2673 2960 2941 3016 violenter
2984 2964 3408 3035 praecipitentur
3450 2966 3503 3021 in
3541 2962 3775 3020 mortem?

2239 3047 2413 3102 Etiam
2447 3050 2516 3105 de
2544 3051 2631 3106 his
2663 3053 2847 3106 vicina
2878 3062 2931 3108 et
2960 3070 3099 3124 pene
3126 3056 3323 3112 eadem
3369 3059 3513 3113 ratio
3555 3067 3662 3123 est;
3694 3056 3779 3109 illae

2238 3140 2383 3194 enim
2405 3180 2420 3204 ,
2451 3158 2590 3212 quas
2620 3143 2860 3199 diximus
2891 3146 3197 3202 contrarias
3226 3148 3481 3203 humano
3506 3148 3674 3220 generi
3700 3163 3779 3216 pu-

2237 3238 2494 3298 testates,
2527 3233 2594 3287 ad
2626 3234 3059 3307 uniuscujusque
3103 3252 3201 3291 cor
3244 3255 3348 3309 per
3390 3243 3587 3295 multas
3632 3250 3677 3294 et
3713 3238 3782 3291 di-

2235 3336 2424 3378 versas
2453 3325 2931 3394 concupiscentias
2972 3328 3279 3383 invitantur
3325 3330 3713 3400 quodammodo
3736 3336 3780 3381 et

2237 3412 2577 3483 ingrediendi
2613 3415 2891 3485 accipiunt
2934 3417 3114 3472 locum
3137 3458 3154 3484 ,
3200 3431 3407 3492 estque
3454 3423 3568 3477 haec
3608 3422 3659 3476 in
3695 3419 3782 3474 illis

2236 3502 2318 3559 vis
2365 3512 2419 3595 et
2465 3513 2741 3575 potestas,
2791 3521 2915 3575 quze
2958 3509 3207 3566 hortetur
3235 3522 3294 3568 et
3339 3515 3536 3570 incitet
3570 3523 3779 3573 tantum.

2235 3609 2346 3649 non
2373 3610 2495 3665 quae
2522 3605 2679 3667 cogat
2706 3604 2760 3653 et
2789 3599 3052 3669 perliciat.
3087 3601 3144 3656 Si
3172 3618 3312 3675 ergo
3345 3606 3477 3677 quis
3504 3606 3783 3676 acquiescat

2233 3688 2313 3743 eis
2330 3727 2344 3752 ,
2370 3697 2427 3741 ut
2450 3689 2614 3743 etiam
2640 3700 2763 3760 agat
2787 3707 2849 3746 ea
2873 3708 2994 3763 qua:
3020 3695 3158 3750 male
3177 3694 3490 3763 desiderat,
3517 3711 3781 3753 consensus

2233 3778 2318 3834 sui
2346 3786 2401 3834 et
2427 3789 2583 3835 actus
2609 3780 2911 3838 mercedem
2944 3784 3272 3854 perditionis
3304 3796 3364 3844 et
3396 3789 3646 3859 pessima:
3667 3801 3786 3841 mor-

2233 3870 2305 3925 tis
2333 3869 2593 3926 inveniet.
2639 3870 2697 3926 Si
2741 3888 2871 3928 vero
2918 3874 3163 3931 futurum
3208 3878 3494 3949 judicium
3535 3880 3779 3951 cogitans.

2234 3971 2380 4016 metu
2426 3962 2545 4032 ipso
2590 3964 2756 4022 fuerit
2796 3975 3083 4039 repressas
3122 3978 3177 4026 et
3216 3975 3577 4029 revocaverit
3612 3988 3694 4037 se,
3731 3985 3786 4024 ne

2233 4062 2357 4107 actu
2390 4054 2609 4125 impleat
2637 4057 2783 4126 quod
2811 4060 2954 4114 mala
2983 4063 3330 4131 cogitatione
3363 4067 3651 4136 concepit,
3675 4061 3786 4117 effu-

2233 4145 2341 4214 giet
2366 4160 2475 4200 non
2504 4148 2992 4221 solumperniciem
3020 4166 3358 4224 praesentem
3376 4200 3392 4225 ,
3427 4159 3527 4216 sed
3556 4169 3609 4216 et
3633 4158 3789 4212 futura

2233 4237 2520 4306 supplicia.
2548 4235 2738 4296 Omnis
2763 4242 2909 4298 enim
2934 4259 3101 4300 causa
3126 4251 3345 4317 peccati
3378 4251 3580 4307 similis
3606 4250 3787 4305 videtur

2230 4344 2354 4384 esse
2384 4337 2592 4399 stuppa:
2642 4332 2764 4401 pice
2803 4334 3017 4401 oblitae,
3071 4352 3193 4407 quae
3238 4341 3343 4397 ubi
3393 4342 3632 4399 calorem
3672 4339 3790 4412 ignis

2233 4423 2506 4490 acceperit
2530 4426 2714 4479 statim
2739 4424 3106 4484 inﬂammatur
3137 4451 3150 4485 :
3184 4431 3366 4504 hujus
3400 4452 3537 4491 vero
3566 4435 3699 4507 ignis
3727 4435 3791 4487 in-

560 4520 804 4576 numeris
839 4518 1061 4573 casibus
1111 4522 1367 4587 premunt
1416 4515 1725 4569 mortalium
1778 4514 1997 4584 genus?
2043 4512 2125 4568 Ad
2160 4515 2203 4571 D
2233 4512 2485 4567 cendium
2534 4530 2700 4584 opera
2744 4532 2866 4573 esse
2915 4518 3227 4578 daemonum
3281 4525 3694 4599 intelliguntur.
3742 4521 3790 4577 Si

562 4615 677 4667 haec
719 4612 1002 4674 dicemus,
1049 4609 1093 4665 si
1146 4607 1458 4664 consideret
1500 4606 1625 4677 quis
1670 4606 1837 4661 totius
1880 4606 2127 4677 mysterii

560 4705 827 4759 rationem
844 4742 859 4766 ,
887 4702 1001 4755 haec
1028 4699 1135 4755 illis
1162 4714 1283 4769 quae
1312 4712 1477 4767 supra
1500 4697 1876 4768 exposuimus,
1892 4697 2144 4776 justiora‘

559 4810 685 4862 esse
725 4791 1118 4865 pronuntiabit.
1165 4790 1307 4845 Deus
1345 4789 1491 4845 enim
1530 4789 1844 4844 hominibus
1873 4796 2123 4843 naturam

559 4888 743 4955 dedit,
784 4903 881 4958 per
910 4900 1071 4957 quam
1103 4893 1157 4939 et
1184 4885 1369 4939 doceri
1407 4883 1621 4954 possint
1654 4884 1722 4938 de
1756 4884 1901 4938 bono
1938 4892 1993 4939 et
2029 4885 2126 4939 ob-

560 4983 758 5037 sistere
793 4978 960 5045 malo,
993 4975 1047 5030 id
1083 4982 1188 5039 est,
1226 4983 1286 5028 ut
1321 4980 1375 5029 et
1413 4981 1560 5028 artes
1587 4973 1798 5042 possint
1825 4973 2035 5029 discere
2072 4981 2126 5028 et

561 5073 834 5129 obsistere
860 5067 1228 5138 voluptatibus
1246 5106 1260 5131 ,
1296 5081 1361 5120 ac
1390 5064 1649 5135 praeferre
1678 5067 1735 5121 in
1765 5066 2021 5121 omnibus
2047 5066 2126 5121 le-

559 5180 680 5235 gem
720 5162 853 5227 Dei,
893 5167 948 5215 et
989 5160 1058 5214 ob
1098 5158 1202 5212 hoc
1238 5157 1473 5211 virtutes
1510 5157 1774 5227 quasdam
1816 5157 2125 5212 contrarias

558 5258 817 5313 oberrare
842 5250 1106 5307 mundum
1132 5250 1281 5304 hunc
1306 5256 1362 5304 et
1387 5248 1655 5303 obluctari
1684 5248 1969 5302 nobiscum
2003 5262 2126 5317 per—

559 5347 750 5411 misit,
802 5352 1023 5417 propter
1075 5356 1276 5397 causas
1330 5355 1452 5412 quae
1496 5340 1609 5411 jam
1658 5341 1912 5411 superius
1969 5340 2129 5395 dicta:

630 5468 674 5497 ⁸³
704 5463 848 5521 Psal.
881 5477 1111 5526 xxvvlu,
1150 5460 1236 5517 15.

2229 4618 2359 4676 ergo
2410 4606 2717 4663 inveniatur
2760 4610 2887 4680 quis
2933 4615 3176 4683 peccatis
3223 4624 3285 4672 et
3341 4618 3790 4691 concupiscentiis

2226 4702 2487 4766 tanquam
2530 4698 2650 4769 pice
2692 4701 2929 4769 oblitus,
2975 4704 3119 4775 ignis
3148 4706 3198 4763 ei
3245 4707 3527 4768 facillime
3576 4711 3792 4768 domina-

2227 4796 2336 4845 tur.
2370 4788 2429 4844 Si
2459 4806 2590 4847 vero
2622 4808 2728 4848 non
2756 4797 2963 4865 peccati
2992 4798 3137 4869 pice,
3163 4800 3265 4856 sed
3301 4819 3456 4874 aqua
3483 4804 3791 4875 puriﬁcatio—

2225 4882 2314 4935 nis
2340 4889 2394 4935 et
2428 4885 2859 4955 regenerationis
2885 4886 3072 4944 infusa
3097 4889 3170 4944 sit
3203 4898 3426 4963 stuppa
3449 4936 3465 4959 ,
3498 4897 3639 4968 ignis
3666 4894 3716 4948 in
3742 4906 3792 4947 ea

2221 4974 2527 5031 daemonum
2560 4992 2670 5031 non
2701 4978 2902 5032 valebit
2927 4980 3173 5035 accendi.

2296 5067 2387 5124 XI.
2425 5066 2531 5127 Sed
2560 5069 2703 5123 dicet
2731 5069 2927 5140 aliquis
2956 5089 2969 5125 :
3005 5070 3068 5124 Et
3094 5073 3229 5142 quid
3268 5074 3556 5135 faciemus
3579 5078 3686 5149 jam
3713 5090 3795 5131 nos

2227 5175 2365 5230 quos
2391 5159 2624 5230 contigit
2653 5163 2893 5229 peccatis
2922 5162 3065 5217 sicut
3109 5165 3234 5233 pice
3279 5168 3499 5227 oblitos
3526 5172 3549 5225 ?
3578 5171 3795 5239 Respon-

2227 5251 2366 5305 debo
2398 5270 2411 5306 :
2443 5249 2588 5305 Nihil
2620 5252 2766 5305 aliud
2793 5252 2901 5307 nisi
2933 5261 2990 5306 ut
3017 5253 3300 5314 festinetis
3333 5261 3529 5331 ablui,
3578 5276 3681 5334 quo
3716 5272 3796 5313 ex-

2227 5349 2489 5413 purgetur
2524 5358 2555 5397 a
2590 5343 2746 5399 vobis
2789 5343 2934 5415 ignis
2978 5347 3208 5402 materia
3253 5367 3366 5421 per
3412 5354 3793 5410 invocationem

1840 5553 2207 5613 COTELERII
2253 5552 2480 5610 NO'DE.

637 5690 745 5767 l8t))
792 5688 1075 5767 (ξι-δωρέεμί
1102 5691 1293 5767 spiritu
1320 5692 1497 5745 anima
1528 5687 2024 5746 illuminata.Fortc
2042 5697 2116 5757 ut,
2149 5686 2602 5760 quemadmodum
2627 5696 2929 5745 correctum
2960 5690 3204 5746 cernitur
3238 5692 3301 5747 in
3343 5712 3456 5755 ms.
3481 5694 3640 5767 Regis
3665 5700 3799 5758 atque

562 5758 721 5815 habet
753 5760 917 5816 editio
948 5761 1307 5816 Coloniensis.
