4036 6252
328 312 469 368 1405

1531 306 2091 363 RECOGNITIONUM
2120 305 2245 361 LIB.
2287 305 2380 363 IX.

3414 308 3549 361 H06

326 428 503 481 salicti
535 396 810 490 nominis,
848 433 902 481 et
939 424 1007 479 de
1048 424 1262 493 reliquo
1306 421 1702 492 futuri‘judicii
1743 432 1887 477 metu
1917 430 1962 484 Α
1998 422 2102 473 scit
2131 420 2407 490 quomodo
2437 426 2489 474 et
2517 432 2689 487 quare
2720 429 2906 488 peccet
2958 421 3049 489 qui
3083 429 3303 490 pec;at,
3360 427 3411 474 ct
3437 435 3556 489 qua

326 519 799 589 concupiscentias
822 515 1105 572 refrenetis
1121 556 1137 580 ,
1163 524 1325 585 atque
1349 516 1689 570 adversarias
1729 522 1882 584 puteo

326 615 515 671 states,
538 620 661 660 cum
687 604 825 659 forte
847 604 915 657 ad
937 618 1132 659 sensus
1153 613 1366 659 vestros
1389 604 1742 669 accesserint,
1769 612 1881 658 tota

324 694 694 750 obstinatione
724 694 960 763 pellatis.
991 693 1097 748 Sed
1120 693 1257 749 dicis
1284 712 1298 748 :
1331 692 1388 747 Si
1413 697 1466 748 in
1493 710 1730 750 amorem
1758 694 1881 765 quis

325 785 596 849 inciderit,
616 784 886 854 quomodo
906 800 963 838 se
981 785 1179 854 poterit
1199 786 1500 849 continere,
1522 786 1734 841 etiamsi
1754 795 1881 840 ante

324 876 513 931 oculos
540 891 671 931 suos
701 877 876 945 ipsum
910 876 1049 945 ignis
1079 875 1302 930 fluvium
1333 893 1493 946 quem
1528 876 1882 948 Pyriphlege-

324 967 513 1021 thonta
536 968 857 1030 nominant,
885 968 1099 1022 videat?
1126 967 1250 1024 Ηωο
1276 969 1560 1024 excusatio
1583 981 1665 1025 est
1691 985 1878 1024 eorum

321 1058 685 1133 qui_converti
714 1058 777 1112 ad
806 1058 1177 1127 paenitentiam
1212 1060 1426 1113 nolunt.
1462 1058 1702 1129 Denique
1734 1074 1881 1113 nunc

321 1150 446 1203 nolo
475 1148 982 1219 Pyriphlegethonta
1012 1149 1251 1204 adducas
1295 1151 1349 1203 in
1393 1150 1630 1204 medium
1662 1168 1676 1216 ;
1707 1149 1881 1203 hami-

320 1258 447 1295 num
478 1242 573 1295 tibi
602 1256 843 1310 prapone
875 1256 1063 1312 pcenas
1084 1280 1099 1305 ,
1143 1251 1197 1295 et
1232 1242 1355 1295 vide
1399 1248 1662 1310 quantum
1706 1242 1881 1295 valeat

319 1336 534 1396 metus;
568 1337 815 1398 potestne
844 1330 1172 1399 quisquam,
1208 1344 1331 1383 cum
1378 1344 1475 1398 pro
1520 1329 1724 1384 amoris
1772 1330 1882 1384 cri-

318 1419 465 1473 mine
494 1419 559 1473 ad
597 1421 925 1489 supplicium
958 1420 1174 1475 ducitur
1204 1428 1257 1474 et
1292 1421 1358 1475 ad
1391 1421 1629 1492 stipitem
1660 1422 1881 1493 colliga-

319 1516 409 1560 tur
440 1508 677 1563 urendus
709 1509 854 1579 (8‘1),
888 1508 943 1562 in
993 1510 1085 1563 illo
1114 1516 1357 1579 tempore
1390 1512 1508 1581 ejus
1539 1526 1698 1580 quam
1726 1527 1880 1565 ama-

320 1599 397 1653 vit
426 1600 509 1652 vel
539 1598 869 1654 desiderium
901 1615 1094 1670 capere
1126 1601 1208 1655 vel
1241 1602 1475 1669 speciem
1523 1610 1648 1657 ante
1690 1604 1880 1661 oculos

321 1691 663 1760 proponere?
687 1689 1037 1761 Nequaquam
1058 1732 1074 1756 ,
1104 1693 1341 1762 inquies.
1370 1691 1534 1748 Vides
1562 1709 1690 1765 ergo
1708 1737 1723 1762 ,
1752 1694 1879 1765 quia

1987 525 2428 580 unumquemque
2456 524 2620 564 causa
2648 508 2812 564 ducat
2836 509 2900 562 ad
2918 519 3217 580 peccatum.
3239 508 3350 562 Hoc
3373 518 3553 563 tamen

1983 598 2741 669 generaliteragnoscendum
2792 607 2914 664 est;
2969 599 3113 667 quod
3143 600 3188 653 si
3220 598 3312 668 qui
3339 612 3449 651 non
3478 599 3554 651 ita

1981 699 2182 756 mente,
2201 698 2259 744 ut
2280 691 2492 745 actibus
2520 690 2645 743 mali
2674 690 2933 752 sunt,nec
2965 691 3240 759 proposito
3266 689 3473 743 incitati
3486 688 3556 742 ad

1980 784 2314 852 peccandum
2329 782 2709 845 devolvuntur,
2727 782 2810 835 his
2838 781 3074 834 velocior
3090 788 3143 834 et
3159 783 3326 850 magis
3349 782 3399 834 in
3416 796 3557 851 pra:-

1984 876 2124 930 senti
2156 877 2264 930 vita
2295 875 2541 929 redditur
2576 890 2775 944 pcena;
2815 875 3016 943 ubique
3058 877 3202 929 enim
3243 884 3296 929 et
3340 890 3555 942 semper

1984 966 2129 1022 Deus
2160 975 2322 1036 prout
2350 974 2658 1036 competere
2683 966 2924 1035 judicat,
2958 967 3251 1035 unicuique
3292 982 3388 1035 pra
3416 966 3553 1017 aeti-

1983 1059 2087 1113 bus
2119 1060 2233 1113 suis
2262 1057 2461 1113 reddit.
2491 1056 2691 1111 Eorum
2719 1072 2843 1110 vero
2870 1058 2961 1126 qui
2993 1058 3271 1126 proposita
3299 1065 3554 1111 exercent

1983 1152 2284 1213 malitiam,
2319 1151 2395 1203 ita
2436 1160 2494 1204 ut
2542 1152 2811 1205 interdum
2856 1154 3016 1205 etiam
3060 1152 3116 1203 in
3157 1165 3251 1205 eos
3292 1150 3551 1213 saeviant,

1984 1258 2015 1296 a
2046 1243 2246 1313 quibus
2272 1244 2414 1298 bona
2447 1244 2730 1298 consecuti
2772 1252 2928 1305 sunt,
2967 1250 3020 1295 et
3064 1242 3266 1294 nullam
3299 1242 3556 1295 recordat-

1987 1336 2191 1389 tianem
2220 1336 2443 1404 capiunt
2476 1334 2544 1389 ad
2592 1334 2965 1404 paenitentiam
2989 1373 3003 1397 ,
3051 1333 3229 1387 diﬁ‘ert
3268 1346 3455 1401 poenas
3498 1332 3552 1384 in

1984 1424 2227 1480 futurum
2256 1443 2271 1493 ;
2301 1440 2409 1479 non
2440 1426 2585 1479 enim
2616 1432 2891 1480 merentur
2920 1426 3030 1489 isti,
3063 1427 3203 1479 sicut
3226 1424 3301 1476 illi
3333 1423 3399 1477 dc
3428 1423 3551 1492 qui-

1983 1518 2086 1573 bus
2117 1534 2283 1587 supra
2311 1520 2549 1572 diximus
2571 1559 2585 1582 ,
2619 1517 2673 1571 in
2710 1518 2963 1588 praesenti
2994 1518 3102 1570 vita
3131 1516 3394 1572 scelerum
3424 1530 3553 1569 sun-

1981 1625 2102 1663 rum
2149 1609 2307 1664 ﬁnire
2339 1609 2637 1664 vindictam
2661 1650 2675 1672 ,
2712 1609 2805 1665 sed
2838 1609 3172 1680 permittitur
3201 1608 3280 1661 eis
3311 1622 3549 1675 prtcsens

1985 1711 2196 1770 tempus
2229 1702 2454 1771 implere
2487 1710 2544 1755 ut
2577 1703 2796 1765 volunt,
2839 1702 2965 1770 quia
3010 1699 3317 1763 emendatio
3359 1714 3547 1752 eorum

318 1798 559 1854 praesens
599 1791 776 1839 metus
815 1793 1027 1839 resecat
1068 1780 1255 1855 iniqua
1296 1785 1585 1841 desideria.
1639 1786 1792 1852 Quod
1832 1790 1876 1843 si
1911 1797 1951 1855 Β
1981 1808 2089 1845 non
2118 1799 2202 1846 est
2223 1792 2336 1860 jam
2367 1792 2524 1856 talis,
2559 1808 2679 1862 qua:
2725 1791 3121 1860 temporalibus
3170 1789 3410 1857 indigeat
3457 1802 3550 1840 ca-

317 1873 603 1928 credentes
649 1872 796 1939 Deo,
848 1882 902 1929 et
951 1874 1194 1929 futurum
1235 1875 1503 1944 judicium
1554 1891 1877 1948 poenamque

316 1966 458 2038 ignis
489 1966 676 2021 aeterni
708 1967 1030 2022 conﬁtentes
1068 1982 1172 2021 non
1206 1983 1264 2022 se
1293 1971 1571 2022 continent
1610 1985 1640 2022 a
1683 1986 1878 2039 pecca-

316 2068 393 2124 ta,
422 2067 628 2113 certum
653 2066 736 2114 est
762 2061 905 2131 quod
933 2076 1040 2114 non
1067 2061 1221 2130 plena
1244 2060 1348 2115 ﬁde
1371 2061 1599 2115 credunt
1623 2082 1634 2115 :
1664 2062 1708 2116 si
1734 2062 1877 2117 enim

313 2160 463 2206 certa
494 2154 563 2207 sit
594 2152 725 2206 ﬁdes
746 2191 761 2215 ,
795 2160 977 2207 certus
1008 2151 1066 2205 ﬁt
1098 2161 1151 2208 et
1196 2154 1397 2221 timor;
1431 2154 1477 2209 si
1522 2170 1651 2209 vero
1695 2156 1877 2211 minus

312 2242 516 2312 aliquid
546 2252 630 2297 est
660 2243 715 2296 in
749 2242 852 2297 ﬁde
874 2283 887 2307 ,
924 2244 1203 2298 relaxatur
1229 2253 1283 2298 et.
1311 2252 1522 2310 metus,
1553 2254 1608 2300 et
1637 2253 1766 2301 tunc
1796 2248 1877 2302 la-

311 2350 435 2389 cum
494 2334 777 2395 inveniunt
830 2335 1141 2390 introeundi
1199 2337 1485 2391 contrariae
1540 2346 1873 2407 potestates,

308 2437 541 2492 quarum
573 2423 1017 2493 persuasionibus
1047 2440 1170 2477 cum
1215 2426 1614 2494 acquieverint,
1651 2444 1876 2485 necesse

306 2522 394 2567 est
424 2521 479 2567 ut
508 2523 561 2569 et
590 2516 844 2585 potestati
874 2531 1060 2570 earum
1093 2517 1317 2571 obnoxii
1349 2518 1478 2573 ﬁant
1508 2531 1560 2574 et
1596 2521 1725 2591 ipsis
1752 2538 1877 2592 per-

306 2605 666 2662 suadentibus
696 2617 925 2677 agantur
950 2607 1016 2661 ad
1049 2610 1345 2679 praecipitia
1376 2611 1604 2679 peccati.
1686 2607 1688 2609 ’

379 2695 494 2752 Xll.
533 2698 698 2768 Igitur
738 2701 1022 2771 astrologi,
1065 2702 1379 2771 ignorantes
1412 2701 1723 2773 hujusmodi
1757 2716 1871 2772 my-

306 2791 479 2846 steria
499 2831 514 2854 ,
546 2800 736 2861 putant
767 2794 1046 2847 stellarum
1080 2792 1336 2849 cursibus
1366 2795 1469 2849 ista
1511 2795 1830 2865 contingere
1853 2833 1869 2859 ,

304 2883 455 2940 unde
481 2893 533 2938 et
565 2885 649 2938 his
679 2886 771 2954 qui
803 2886 1069 2941 accedunt
1100 2887 1165 2941 ad
1195 2902 1291 2942 eos
1315 2927 1330 2951 ,
1359 2896 1418 2941 ut
1447 2887 1515 2943 de
1545 2886 1743 2942 futuris
1773 2887 1876 2940 ali-

301 2977 441 3053 quid
473 2977 789 3040 consulant,
839 2979 1233 3051 respondentes
1282 2981 1545 3036 falluntur
1594 2980 1650 3034 in
1702 2980 1874 3051 pluri-

302 3074 415 3128 mis
444 3090 458 3139 ;
491 3087 591 3126 nec
621 3072 854 3140 mirum,
898 3087 1006 3126 non
1049 3074 1192 3127 enim
1244 3080 1375 3127 sunt
1414 3072 1722 3143 prophetae,
1777 3070 1870 3127 sed

299 3180 413 3218 usu
473 3162 628 3216 multi
684 3162 960 3231 temporis,
1002 3171 1252 3216 auctores
1287 3175 1534 3216 errorum
1568 3160 1870 3231 perfugium

299 3254 584 3326 quoddam
616 3252 672 3306 in
702 3252 788 3307 his
814 3252 1017 3321 quibus
1046 3251 1454 3321 decipiebantur
1483 3251 1786 3317 inveniunt,
1817 3260 1871 3307 et

298 3344 652 3399 climacteras
684 3340 949 3410 quosdam
981 3339 1370 3403 introducunt,
1401 3348 1462 3394 ut
1490 3341 1557 3395 de
1585 3342 1746 3396 rebus
1789 3343 1873 3395 in-

298 3435 478 3491 certis
507 3434 790 3488 scientiam
824 3432 1047 3503 ﬁngant.
1095 3432 1449 3487 Climacteras
1488 3432 1631 3486 enim
1681 3433 1873 3487 dicunt

295 3527 467 3601 quasi
512 3525 736 3597 periculi
770 3532 986 3594 tempus
1018 3522 1130 3594 (89-)
1154 3562 1170 3587 ,
1202 3523 1257 3577 in
1288 3537 1396 3592 quo
1426 3522 1694 3578 interdum
1726 3526 1872 3593 peri-

295 3628 493 3678 matur
528 3619 652 3689 quis
673 3659 687 3684 ,
721 3616 990 3672 interdum
1020 3628 1127 3669 non
1170 3615 1511 3685 perimatur;
1561 3615 1874 3684 ignorantes

296 3710 455 3784 quod
488 3725 596 3764 non
625 3707 903 3763 stellarum
933 3720 1129 3762 cursus
1156 3706 1302 3773 haec,
1328 3703 1423 3760 sed
1450 3705 1752 3759 dzemanum
1782 3722 1873 3777 ge.

293 3809 375 3862 rit
407 3802 656 3873 Operatio
677 3840 691 3864 ,
723 3799 817 3871 qui
851 3798 919 3853 ad
948 3797 1256 3868 astrologia:
1282 3812 1521 3852 errorem
1549 3796 1876 3852 conﬁrman-

292 3904 438 3961 dum
472 3896 879 3959 deservientes,
913 3893 1141 3947 calculis
1168 3891 1435 3945 mathesis
1460 3890 1747 3961 decipiunt
1777 3892 1874 3945 ha-

292 3995 484 4052 mines
512 3990 577 4043 ad
601 3986 969 4058 peccandum,
1003 3993 1062 4039 ut
1091 3999 1212 4040 cum
1233 4025 1247 4051 ,
1273 3985 1358 4039 vel
1393 3982 1503 4038 Deo
1530 3983 1875 4053 permittente

289 4087 384 4145 vel
421 4082 636 4153 legibus
679 4078 1022 4149 exigentibus
1048 4115 1062 4142 ,
1106 4074 1314 4147 peccati
1356 4074 1603 4130 dederint
1647 4092 1870 4146 poenas,

288 4191 497 4239 verum
544 4172 750 4229 dixisse
790 4170 1034 4225 videatur
1072 4167 1402 4238 astrologus.
1450 4166 1518 4219 Et
1554 4174 1734 4223 tamen
1774 4168 1874 4222 fal—

287 4277 499 4330 luntur
529 4266 693 4322 etiam
730 4264 784 4317 in
812 4264 917 4317 hac
943 4280 957 4328 ;
991 4262 1037 4317 si
1068 4262 1212 4316 enim
1244 4263 1353 4316 cito
1385 4260 1632 4316 conversi
1675 4261 1875 4317 fuerint

284 4368 359 4424 ad
418 4358 841 4434 paenitentiam,
885 4363 940 4409 et
982 4353 1178 4407 futurae
1215 4367 1390 4423 paenae
1442 4353 1871 4408 recordationem

283 4452 660 4525 conceperint
707 4464 770 4503 ac
819 4456 1054 4508 metum,
1108 4446 1391 4500 conversis
1442 4445 1509 4499 ad
1559 4444 1727 4500 Deum
1780 4461 1875 4515 per

278 4550 537 4626 gratiam
568 4541 821 4612 baptismi
854 4537 1142 4593 resolvitur
1170 4551 1330 4606 paena
1360 4537 1572 4593 mortis.

357 4638 517 4697 XIII.
562 4633 669 4690 Sed
712 4632 855 4687 dicet
896 4628 1062 4700 quis:
1111 4628 1263 4682 Multi
1307 4636 1361 4683 et
1413 4627 1766 4687 homicidium
1816 4636 1869 4682 et

282 4729 637 4801 adulterium
671 4735 726 4781 et
756 4724 861 4778 alia
903 4721 1108 4777 scelera
1155 4719 1584 4779 commiserunt.
1630 4727 1684 4774 et
1731 4719 1868 4772 nihil

282 4825 427 4894 mali
465 4820 615 4892 passi
649 4824 796 4873 sunt.
829 4814 943 4868 Hoc
973 4810 1196 4883 quidem
1226 4824 1353 4865 raro
1387 4808 1588 4865 accidit
1633 4811 1866 4864 homini-

282 4924 396 4978 bus
422 4956 437 4978 ,
474 4921 661 4966 tamen
693 4907 1064 4964 nescientibus
1093 4904 1381 4959 consilium
1418 4902 1507 4957 Dei
1556 4902 1867 4972 frequenter

279 5010 521 5071 videtur
551 4999 835 5067 accidere;
866 4999 1008 5056 Deus
1039 5004 1220 5052 autem
1255 4995 1348 5066 qui
1382 4994 1533 5053 novit
1564 4995 1823 5053 universa
1844 5035 1861 5060 ,

1980 1883 2363 1952 stigationibus
2383 1923 2399 1947 ,
2435 1884 2529 1938 sed
2560 1898 2679 1954 quae
2708 1882 2895 1936 aeterni
2930 1880 3069 1951 ignis
3101 1879 3155 1932 in
3186 1877 3400 1932 inferna
3431 1878 3550 1931 exi-

1977 1984 2067 2045 gat
2100 1990 2323 2043 poenas,
2357 1991 2587 2044 quorum
2627 1974 2821 2028 anima:
2866 1973 2939 2027 ibi
2983 1970 3356 2041 paenitentiam
3401 1982 3549 2038 quae-

1978 2073 2133 2129 rent,
2168 2066 2256 2119 ubi
2292 2066 2535 2121 invenire
2567 2082 2675 2121 non
2706 2071 2980 2136 poterunt.

2048 2156 2187 2212 XIV.
2228 2157 2384 2223 Quod
2414 2158 2459 2212 si
2493 2160 2546 2212 in
2578 2159 2681 2212 hac
2707 2158 2816 2211 vita
2849 2157 3011 2228 positi
3045 2156 3166 2210 illas
3191 2169 3328 2224 quas
3354 2154 3426 2208 ibi
3450 2170 3548 2224 pa-

1979 2250 2187 2306 tientur
2219 2266 2442 2320 poenas,
2477 2258 2603 2305 ante
2642 2251 2830 2304 oculos
2871 2249 3222 2319 posuissent,
3270 2246 3548 2300 refrenas-

1976 2352 2099 2398 sent
2134 2342 2325 2413 utique
2353 2343 2623 2397 desideria
2656 2350 2710 2397 et
2740 2344 2891 2396 nullo
2922 2348 3082 2409 pacto
3129 2338 3458 2392 decidissent
3490 2339 3545 2390 in

1974 2445 2275 2505 peccatum.
2315 2433 2539 2488 Multum
2573 2435 2715 2487 enim
2750 2439 2926 2502 potest
2958 2446 3154 2485 sensus
3184 2429 3236 2482 in
3268 2428 3447 2481 anima
3478 2427 3546 2480 ad

1975 2524 2305 2579 resecandas
2335 2538 2525 2577 omnes
2572 2522 2689 2592 ejus
2733 2520 3089 2591 cupiditates,
3137 2518 3373 2571 maxime
3420 2532 3543 2570 cum

1974 2615 2280 2670 cmlestium
2351 2614 2637 2670 scientiam
2696 2613 2934 2683 ceperit,
2987 2628 3082 2682 per
3130 2627 3292 2680 quam
3340 2608 3547 2662 lumine

1974 2707 2219 2763 veritatis
2251 2715 2515 2776 accepto,
2571 2704 2640 2759 ab
2687 2703 2839 2757 omni
2890 2703 3225 2759 obscuritate
3274 2700 3544 2752 malorum

1974 2807 2194 2853 actuum
2234 2797 2547 2852 declinabit.
2588 2793 2743 2849 Sicut
2792 2794 2936 2849 enim
2987 2793 3069 2848 sol
3120 2806 3309 2846 omnes
3356 2789 3544 2844 stellas

1975 2890 2266 2960 splendore
2307 2889 2393 2943 sui
2436 2888 2667 2958 fulgoris
2713 2885 2969 2941 obtundit
2998 2891 3051 2938 et
3080 2881 3357 2951 contegit,
3392 2880 3464 2932 ita
3491 2888 3545 2933 et

1974 2998 2127 3037 mens
2173 2998 2269 3052 per
2316 2982 2558 3037 scientiae
2602 2981 2779 3035 lucem
2826 2992 3018 3034 omnes
3064 2973 3542 3044 cancupiscentias

1976 3075 2169 3129 animae
2202 3074 2502 3130 inefﬁcaces
2532 3074 2709 3130 reddit
2750 3080 2804 3127 et
2848 3073 3087 3133 otiosas,
3138 3068 3305 3121 futuri
3346 3066 3542 3135 judicii

1973 3166 2289 3220 memoriam
2334 3182 2499 3236 super
2543 3182 2637 3221 eas
2680 3172 2940 3234 tanquam
2987 3161 3169 3215 radios
3214 3173 3343 3214 suos
3385 3156 3541 3211 emit-

1973 3263 2129 3323 tens,
2174 3258 2249 3311 ita
2292 3264 2349 3311 ut
2390 3273 2458 3312 ne
2496 3272 2760 3327 apparere
2803 3255 3021 3326 quidem
3071 3252 3212 3306 ultra
3258 3250 3310 3303 in
3359 3248 3542 3302 anima

1973 3358 2196 3417 queant.

2044 3440 2160 3494 XV.
2202 3438 2358 3505 Quod
2402 3446 2582 3494 autem
2632 3438 2797 3492 timor
2836 3436 2932 3491 Dei
2978 3435 3208 3490 multum
3252 3432 3430 3487 valeat
3474 3428 3541 3483 ad

1973 3530 2347 3600 reprimendas
2374 3531 2848 3598 concupiscentias
2868 3568 2882 3593 ,
2908 3543 3043 3597 cape
3072 3524 3297 3581 humani
3330 3521 3542 3576 timoris

1973 3621 2300 3691 exemplum.
2336 3620 2784 3690 Quotusquisque
2812 3628 2929 3683 est,
2962 3619 3055 3688 qui
3102 3634 3209 3672 non
3252 3618 3395 3669 inter
3443 3615 3542 3667 ha-

1974 3714 2151 3769 mines
2199 3714 2550 3783 conbupiscat
2596 3714 2801 3769 aliena?
2856 3719 2909 3767 et
2947 3719 3127 3766 tamen
3174 3717 3318 3763 metu
3364 3720 3541 3777 prona:

1972 3818 2092 3872 qua:
2121 3802 2329 3872 legibus
2358 3811 2562 3858 statuta
2591 3811 2676 3858 est
2695 3845 2710 3869 ,
2741 3802 3053 3857 refrenatur
3081 3811 3134 3857 et
3173 3797 3542 3855 continentius

1975 3896 2104 3965 agit.
2162 3895 2295 3965 Regi
2346 3904 2567 3967 propter
2598 3904 2802 3951 metum
2834 3903 3023 3966 gentes
3055 3894 3343 3963 subjacent
3371 3900 3425 3945 et
3453 3905 3543 3943 ar-

1976 3995 2159 4041 matus
2198 3996 2353 4056 paret
2393 3989 2690 4043 exercitus.
2736 3985 2890 4041 Servi
2936 4000 3059 4039 cum
3098 3985 3208 4039 sint
3249 3981 3540 4037 validiores

1972 4078 2208 4132 dominis
2240 4078 2390 4143 suis,
2424 4086 2646 4149 propter
2677 4086 2877 4134 metum
2917 4085 3096 4131 tamen
3140 4074 3369 4144 imperia
3410 4087 3536 4141 per-

1976 4170 2154 4224 ferunt
2182 4171 2553 4224 dominorum.
2600 4170 2796 4224 Bestia:
2834 4170 2968 4240 ipsa:
3013 4167 3141 4221 fera:
3188 4173 3334 4219 metu
3379 4165 3539 4217 mite-

1972 4266 2171 4314 scunt:
2208 4259 2351 4313 tauri
2386 4259 2709 4314 validissimi
2738 4259 2870 4328 jugo
2900 4258 3038 4311 colla
3069 4257 3435 4317 submittunt,
3482 4263 3536 4307 et

1974 4352 2240 4407 immanes
2282 4350 2555 4420 elephanti
2604 4349 2882 4420 magistris
2926 4349 3304 4418 obtemperant
3344 4362 3439 4416 per
3469 4344 3538 4399 ti-

1976 4458 2203 4503 morem.
2242 4440 2346 4498 Sed
2378 4458 2476 4497 cur
2516 4442 2770 4497 humanis
2812 4450 3028 4495 utamur
3069 4439 3367 4508 exemplis,
3411 4453 3537 4491 cum

1901 4520 1944 4574 θ
1974 4538 2138 4592 etiam
2183 4536 2367 4591 divina
2410 4551 2519 4590 non
2565 4533 2782 4590 desint?
2832 4533 3021 4588 Nonne
3070 4541 3215 4587 terra
3266 4533 3381 4602 ipsa
3434 4531 3536 4585 sub

1972 4629 2222 4701 praecepti
2281 4639 2427 4683 metu
2492 4636 2805 4699 permanet,
2860 4625 3006 4697 quod
3049 4626 3210 4680 etiam
3256 4633 3421 4678 motu‘
3448 4624 3534 4678 sui

1970 4731 2024 4777 et
2060 4730 2295 4778 tremore
2354 4721 2620 4777 testatur?
2673 4719 2820 4775 Mare
2905 4729 3169 4776 statutum
3242 4720 3532 4773 terminum

1972 4821 2185 4877 servat,
2271 4812 2445 4882 angeli
2518 4826 2705 4881 pacem
2775 4811 3126 4875 custodiunt,
3219 4810 3386 4865 stella:
3441 4824 3535 4862 or-

1971 4903 2150 4957 dinem
2207 4909 2397 4957 tenent
2452 4911 2505 4957 et
2545 4901 2693 4956 fluvii
2754 4909 2998 4968 meatus,
3066 4903 3338 4956 daemones
3398 4916 3536 4970 qun-

1970 5010 2074 5066 que
2126 5003 2333 5052 certum
2384 5003 2467 5051 est
2511 4994 2705 5050 timore
2755 4994 2809 5049 in
2863 4994 3043 5065 fugam
3069 4995 3224 5049 verti.
3252 4992 3314 5048 Et
3344 5009 3411 5047 ne
3439 5008 3535 5062 per

1591 5206 1956 5265 COTELERII
1994 5210 2226 5268 ΝΟΤλίΕ.

359 5394 484 5469 (81)
529 5392 784 5471 Gum‘pro
813 5400 1007 5471 amoris
1031 5402 1247 5456 crimine
1281 5403 1350 5455 ad
1369 5403 1679 5471 supplicium
1710 5403 1858 5455 duci-

279 5465 396 5531 tur,
425 5465 837 5542 et_ad__stipitem
864 5467 1143 5542 colligatur
1178 5465 1625 5528 urendum-Julius
1645 5474 1862 5542 Capito-

277 5544 437 5603 linus
470 5535 544 5611 de
577 5534 817 5611 Macrino
846 5554 857 5588 :
884 5534 1144 5611 Adulterii
1170 5558 1284 5611 reas
1318 5560 1515 5611 semper
1543 5545 1677 5599 vivos
1705 5534 1863 5597 simul

275 5605 559 5665 incendit.
580 5606 781 5682 junctis
811 5609 1129 5682 corporibus.
1165 5609 1305 5682 Nota
1334 5605 1517 5682 postea
1554 5615 1756 5667 variam
1787 5614 1867 5667 le-

277 5683 539 5736 ctionem
590 5676 750 5766 etiam
798 5678 999 5766 codicis
1047 5678 1220 5766 Regii,
1251 5676 1420 5764 quem,
1461 5683 1526 5765 ad
1556 5698 1865 5766 ‘puerprum

280 5759 554 5825 stuprum
577 5754 928 5819 spectantem,
954 5747 1022 5805 de
1049 5747 1155 5820 quo
1186 5747 1415 5810 flammis
1446 5747 1751 5813 vindicibus
1773 5770 1868 5813 ex-

1964 5402 2163 5483 pianda
2202 5401 2565 5457 Valentiniani
2599 5402 2682 5456 lex
2728 5407 2906 5456 exstat
2952 5400 3007 5454 in
3058 5398 3245 5453 codice
3274 5394 3529 5452 Theodo-

1965 5489 2146 5612 abigi
2186 5540 2529 5596 Climacteras
2552 5543 2689 5596 enim
2719 5540 2921 5603 dicunt,
2954 5540 3106 5612 quasi
3148 5539 3368 5612 periculi
3399 5547 3529 5590 tem-

1967 5610 2254 5684 pusuVide
2300 5629 2437 5682 quas
2486 5613 2586 5684 hac
2617 5613 2755 5684 iure
2783 5614 2913 5667 citat
2942 5610 3293 5684 doctissimus
3324 5610 3529 5684 Savara

1971 5680 2037 5737 ad
2093 5682 2297 5738 Sidonii
2319 5680 2501 5752 'epist.
2529 5683 2611 5741 Η,
2648 5683 2741 5737 lib.
2764 5699 2881 5747 vin,
2916 5698 3015 5738 nec
3045 5698 3153 5737 non
3183 5682 3283 5736 Nili
3317 5680 3530 5735 abbatis

1972 5754 2252 5826 epistolam
2282 5754 2407 5820 258,
2438 5754 2530 5808 lib.
2567 5769 2627 5808 ιι.
