4036 6252
523 348 651 403 «ιιι

1382 342 1442 398 8.
1480 340 1917 397 CLEMENTISI
1952 338 2119 397 BOM.
2158 335 2359 393 PONT.
2406 332 2637 391 OPEBA
2676 332 2902 390 DUBIA.

3592 336 3704 395 me

520 478 606 517 res
641 459 1025 532 agricolcntur,
1051 455 1317 512 adificent
1347 460 1399 510 et
1430 468 1589 507 (mne
1614 469 1752 523 opus
1780 452 1932 507 virile
1964 466 2082 521 pcr-
2115 456 2157 512 Α
2192 464 2295 503 nec
2327 448 2679 519 opprobrium
2710 462 2774 502 ex
2806 448 2910 501 hoc
2942 445 3162 517 aliquod
3206 445 3371 511 duci;
3408 453 3459 501 et
3494 451 3705 519 nunquid

520 553 725 619 liciant,
751 552 844 607 sed
874 559 927 605 et
967 550 1183 605 misceri
1230 548 1427 618 quibus
1468 546 1657 599 volunt
1701 547 1845 612 licet,
1869 561 1972 600 nec
2001 545 2084 598 in-

519 646 784 694 cusantur
809 656 838 692 a
866 638 997 694 viris
1027 645 1119 691 aut
1164 636 1425 691 adultera
1466 637 1828 705 appellantur,
1880 636 2086 705 passim

518 732 663 786 enim
693 730 1015 784 concubitus
1041 730 1271 783 miscent
1296 737 1349 781 et
1389 729 1659 797 pracipue
1698 741 1820 780 cum
1858 724 2090 794 hospiti-

521 823 646 884 bus,
684 828 957 893 unguenta
1001 821 1272 881 nesciunt,
1316 834 1425 873 non
1472 818 1774 873 induuntur
1804 825 1956 871 veste
2005 814 2090 869 fu-

521 922 666 975 cata,
702 928 809 965 non
839 910 1070 976 calceis;
1113 917 1333 963 econtra
1365 908 1467 963 viri
1508 906 1772 963 Gelonum
1801 914 2091 967 ornantur.

524 1012 835 1075 pectuntur,
873 999 1205 1055 indumentis
1229 999 1483 1054 mollibus
1505 1007 1559 1052 et
1578 998 1744 1051 variis
1772 996 2090 1063 induuntur,

523 1110 659 1149 auro
692 1093 977 1162 compositi
1008 1092 1408 1161 unguentisque
1454 1090 1713 1155 delibuti,
1742 1097 1797 1143 et
1835 1089 1951 1144 hac
1983 1104 2091 1143 non

528 1200 629 1257 pro
673 1185 1033 1239 dissolutione
1064 1183 1259 1236 virium
1285 1222 1299 1243 ,
1334 1190 1463 1236 sunt
1502 1182 1645 1235 enim
1693 1179 2093 1235 bellicosissimi

529 1285 584 1332 et
618 1284 903 1331 venatores
940 1274 1229 1338 acerrimi;
1266 1272 1311 1302 “
1339 1287 1441 1327 nec
1473 1279 1657 1326 tamen
1701 1272 1969 1325 universa
1991 1268 2096 1324 Ge-

530 1368 715 1421 lonum
742 1366 1013 1427 mulieres,
1046 1362 1100 1416 in
1142 1362 1503 1433 Capracornu
1545 1369 1638 1414 aut
1668 1362 1907 1432 Aquario
1936 1376 2098 1415 caco-

529 1457 825 1513 damonem
872 1455 1137 1511 Venerem
1181 1462 1472 1509 nascentes
1500 1453 1757 1521 habuere,
1788 1469 1967 1524 neque
1994 1454 2097 1509 viri

528 1567 715 1606 eorum
748 1551 803 1604 in
828 1550 1009 1605 Ariete
1049 1565 1174 1604 cum
1205 1548 1377 1623 Marte
1408 1547 1673 1603 Venerem
1710 1549 1961 1618 positam,
2002 1563 2100 1618 per

531 1643 676 1713 quod
711 1643 929 1696 schema
965 1639 1306 1696 effeminatos
1352 1648 1407 1695 et
1436 1639 1737 1696 dissolutos
1764 1640 1917 1695 nasci
1948 1654 2100 1694 asse-

530 1733 603 1785 rit
628 1732 773 1786 viros
796 1730 1090 1785 Chaldaica
1121 1729 1431 1799 disciplina.

601 1819 792 1876 XXIII.
822 1819 992 1876 Porro
1030 1836 1160 1876 vero
1203 1820 1258 1874 in
1294 1818 1451 1875 Susis
1499 1819 1759 1874 mulieres
1807 1820 2101 1890 unguentis

533 1921 587 1968 et
625 1915 843 1983 quidem
884 1914 1105 1983 optimis
1136 1922 1381 1977 utuntur,
1414 1912 1754 1968 ornamentis
1778 1921 2009 1982 compta
2036 1926 2100 1967 ex

534 2004 806 2075 lapidibus
839 2004 1128 2075 pretiosis,
1162 2005 1484 2060 ministeriis
1520 2019 1740 2074 quoque
1779 2004 2101 2057 ancillarum

536 2096 683 2150 fulta
736 2096 1036 2166 procedunt
1092 2098 1264 2151 multo
1319 2098 1529 2167 majore
1584 2097 1882 2152 ambitione
1937 2112 2101 2167 quam

534 2188 674 2251 viri,
706 2203 807 2241 nec
838 2197 1018 2242 tamen
1048 2188 1368 2258 pudicitiam
1402 2190 1624 2254 colunt,
1660 2188 1756 2244 sed
1788 2190 2104 2245 indifferens

535 2279 616 2335 eis
646 2294 771 2333 cum
805 2280 1233 2350 quibuscunque’
1260 2282 1535 2336 voluerint
1568 2297 1702 2337 usus
1733 2291 1817 2338 est
1847 2291 1901 2337 et
1932 2284 2104 2338 servis

537 2382 591 2428 et
632 2374 976 2443 hospitibus,
1028 2374 1123 2427 tali
1164 2374 1387 2429 licentia
1441 2390 1470 2428 a
1518 2374 1653 2429 viris
1697 2376 2005 2445 permissa;
2051 2383 2106 2430 ct

546 2483 647 2526 non
682 2468 856 2522 solum
888 2482 999 2521 non
1042 2468 1336 2538 culpantur
1373 2482 1471 2537 pro
1512 2468 1648 2531 hoc,
1698 2468 1791 2523 sed
1835 2476 1889 2522 et
1930 2468 2106 2523 domi-

539 2567 739 2614 nantur
770 2560 823 2613 in
853 2560 1020 2615 viros.
1050 2560 1092 2591 "’
1122 2558 1233 2614 Nec
1264 2569 1442 2614 tamen
1469 2562 1710 2613 omnium
1742 2561 1957 2630 genesis
1986 2577 2107 2615 mu-

541 2653 731 2705 herum
765 2650 1086 2707 Susidarum
1118 2651 1173 2705 in
1209 2652 1502 2707 medietate
1533 2653 1656 2705 cali
1677 2692 1691 2716 ,
1726 2668 1849 2706 cum
1892 2650 2024 2708 Jove
2053 2663 2107 2709 et

543 2741 714 2797 Marte
746 2742 1010 2799 Venerem
1050 2744 1102 2797 in
1132 2743 1282 2800 Jovis
1311 2743 1565 2799 domibus
1595 2744 1821 2800 habent.
1866 2743 1924 2799 In
1968 2746 2109 2800 ulte-

540 2835 780 2890 rioribus
809 2834 1047 2892 Orientis
1074 2836 1348 2907 partibus,
1377 2830 1586 2904 si'puer
1612 2836 1861 2891 muliebri
1893 2852 1951 2893 se
1981 2836 2110 2892 sub—

542 2937 752 2985 sternat
791 2930 1039 3000 injuria,
1081 2946 1205 2984 cum
1242 2930 1488 2999 agnitum
1528 2928 1691 2983 fuerit
1717 2970 1731 2989 ,
1772 2946 1801 2982 a
1845 2927 2109 2985 fratribus

542 3030 635 3077 aut
667 3025 983 3094 parentibus
1008 3024 1089 3078 vel
1117 3022 1450 3093 quibuslibet
1473 3023 1735 3092 proximis
1764 3022 2107 3087 interficitur,

2190 540 2451 611 possibile
2482 546 2600 605 est,
2632 548 2690 593 ut
2721 554 2912 593 omnes
2942 540 3035 609 qui
3066 549 3176 593 tam
3221 537 3451 607 turpiter
3489 554 3708 595 succum-

2189 632 2325 686 bunt
2355 630 2498 699 apud
2527 629 2715 685 Gallos
2734 670 2749 693 ,
2779 628 3092 685 Luciferum
3120 645 3243 684 cum
3273 628 3530 684 Mercurio
3556 632 3604 686 in
3629 634 3708 688 do-

2192 726 2374 779 mibus
2407 724 2627 778 Saturni
2656 731 2712 797 et
2745 724 2943 779 finibus
2974 723 3163 778 Martis
3196 722 3519 777 habuerint?

2262 815 2452 871 XXIV.
2487 816 2545 871 ln
2571 816 2864 871 Britannia
2888 815 3256 886 partibus(96)
3276 815 3449 885 plures
3464 814 3555 869 viri
3576 831 3710 869 unam

2194 910 2402 965 habent
2440 924 2667 964 uxorem
2691 948 2706 974 ,
2740 910 2795 963 in
2833 908 3053 963 Parthia
3084 909 3271 962 multa
3301 907 3547 962 mulieres
3573 923 3711 962 unum

2194 1003 2399 1057 habent
2429 1003 2637 1065 virum,
2670 1011 2723 1056 et
2756 1009 2987 1071 utraque
3021 1001 3170 1056 orbis
3199 1015 3325 1071 pars
3356 1000 3584 1056 moribus
3616 1001 3711 1055 suis

2195 1104 2357 1166 atque
2395 1096 2661 1151 institutis
2700 1096 3045 1164 obsequitur.
3087 1094 3390 1147 Amazones
3426 1108 3599 1148 omnes
3627 1109 3711 1148 non

2196 1186 2401 1240 habent
2435 1188 2621 1249 viros,
2669 1185 2766 1241 sed
2816 1186 2961 1239 sicut
3004 1182 3264 1238 animalia
3312 1181 3473 1237 semel
3513 1182 3563 1236 in
3598 1198 3714 1237 anno

2194 1278 2340 1333 circa
2370 1279 2591 1334 vernale
2619 1277 3003 1347 aquinoctium
3035 1274 3285 1344 proprios
3308 1288 3533 1343 egressa
3558 1274 3715 1326 termi-

2197 1385 2331 1433 nos,
2365 1370 2605 1424 finitima
2643 1368 2822 1440 gentis
2845 1367 2979 1420 viris
3003 1367 3327 1428 miscentur,
3356 1364 3715 1420 solemnitatem

2198 1463 2487 1532 quamdam
2520 1478 2616 1533 per
2642 1462 2747 1515 hoc
2771 1459 3144 1521 observantes,
3170 1472 3233 1511 ex
3262 1456 3460 1526 quibus
3481 1472 3591 1510 cum
3613 1472 3719 1511 con-

2199 1555 2445 1627 ceperint
2475 1551 2738 1614 redeunt,
2761 1556 2816 1605 et
2838 1549 2885 1601 si
2907 1562 3109 1600 marem
3135 1545 3443 1617 pepererint
3463 1544 3715 1613 abjiciuut,

2200 1648 2435 1703 feminas
2483 1644 2755 1701 nutriunt.
2792 1641 2837 1672 ⁸⁸
2884 1638 3131 1708 Cumque
3177 1637 3343 1691 uuius
3390 1637 3627 1706 temporis
3664 1636 3721 1690 sit

2202 1740 2445 1795 omnium
2479 1744 2698 1807 partus,
2733 1732 3030 1787 absurdum
3062 1737 3181 1792 est,
3215 1738 3275 1782 ut
3302 1728 3359 1781 in
3386 1728 3609 1783 maribus
3632 1729 3722 1797 qui-

2204 1836 2324 1891 dem
2355 1840 2578 1904 putetur
2607 1830 2750 1885 Mars
2780 1844 2904 1883 cum
2938 1826 3175 1881 Saturno
3218 1825 3274 1878 in
3317 1832 3549 1894 tempore
3583 1825 3722 1895 aquis

2203 1944 2328 1983 esse
2358 1925 2727 1997 portionibus,
2772 1924 2826 1977 in
2878 1921 3203 1976 feminarum
3240 1933 3373 1973 vero
3409 1918 3581 1988 genesi
3609 1934 3724 1972 nun-

2204 2036 2387 2092 quam.
2423 2017 2527 2073 Sed
2560 2030 2733 2086 ncque
2764 2012 3090 2067 Mercurium
3124 2009 3235 2080 (97)
3266 2025 3393 2063 cum
3428 2006 3617 2063 Venere
3647 2009 3725 2064 ha-

2206 2110 2391 2164 buisse
2423 2108 2475 2162 in
2508 2105 2762 2159 domibus
2792 2102 3031 2174 propriis
3066 2101 3308 2172 positum
3336 2140 3351 2162 ,
3385 2107 3443 2153 ut
3480 2101 3554 2154 vel
3586 2100 3726 2169 picto-

2206 2214 2294 2252 res
2340 2196 2413 2251 ibi
2460 2199 2542 2249 vel
2588 2194 2896 2263 sculptores
2941 2191 3025 2244 vel
3065 2190 3365 2259 trapezitas
3408 2187 3621 2250 efliciat,
3652 2196 3725 2241 aut

2206 2291 2261 2343 in
2315 2288 2568 2343 domibus
2600 2284 2834 2339 Veneris
2856 2325 2869 2349 ,
2904 2292 2961 2335 ut
2992 2282 3389 2351 unguentarios
3435 2280 3512 2334 vel
3550 2280 3727 2334 vocales

2205 2364 2289 2438 vel
2320 2391 2507 2452 poetas
2533 2380 2818 2451 producat.
2869 2375 3026 2445 Apud
3053 2373 3361 2429 Saracenos
3386 2383 3437 2428 et
3462 2373 3726 2441 superiores

2207 2478 2376 2532 Libes
2411 2483 2464 2530 et
2501 2474 2720 2528 Mauros
2765 2478 2819 2525 et
2857 2472 3005 2524 circa
3049 2484 3143 2523 ora
3177 2469 3353 2522 maris
3385 2466 3574 2523 Oceani
3604 2464 3727 2517 habi-

2206 2577 2418 2632 tantes,
2460 2567 2555 2623 sed
2594 2574 2647 2621 et
2685 2564 2741 2619 in
2788 2563 3051 2619 extremis
3091 2559 3398 2615 Germania
3440 2559 3655 2630 partibus
3687 2563 3727 2611 ct

2207 2661 2351 2733 apud
2403 2658 2682 2713 Sarmatas
2732 2665 2785 2711 et
2821 2653 3052 2725 Scythas
3097 2660 3258 2721 atque
3304 2666 3489 2705 omnes
3524 2666 3629 2720 quas
3650 2645 3728 2700 sub

2209 2770 2309 2808 axe
2355 2749 2743 2821 septentrionis
2782 2747 2967 2817 jacent
2994 2743 3203 2797 Pontici
3243 2743 3444 2796 littoris
3474 2748 3665 2813 gentes,
3688 2745 3730 2791 et

2210 2848 2265 2901 in
2300 2846 2537 2915 Chrysea
2570 2841 2681 2912 (98)
2718 2838 2928 2895 insula,
2964 2849 3236 2905 nunquam
3276 2833 3546 2888 invenitur
3582 2840 3726 2899 trape-

2211 2940 2315 2994 zita
2349 2952 2445 2991 nec
2478 2935 2741 3004 sculptor,
2791 2938 2883 2983 aut
2914 2930 3111 3000 pictor,
3146 2933 3240 2981 aut
3284 2926 3627 2986 architectus,
3661 2930 3733 2976 aut

2213 3035 2551 3103 geometres,
2582 3032 2674 3078 aut
2703 3021 2979 3093 tragadus
3000 3060 3014 3083 ,
3048 3028 3142 3072 aut
3189 3029 3354 3089 poeta
3384 3037 3397 3085 ;
3435 3033 3555 3087 ergo
3590 3014 3734 3070 deﬁcit

544 3129 646 3169 nec
686 3117 966 3185 sepultura
998 3114 1252 3170 donatur.
1290 3113 1355 3167 Et
1383 3128 1575 3168 rursus
1611 3113 1751 3183 apud
1783 3112 1967 3168 Gallos
1997 3114 2108 3185 (95)
2139 3135 2180 3192 ρ
2216 3122 2356 3194 apud
2387 3135 2481 3174 eos
2513 3116 2766 3173 Mercurii
2806 3111 3137 3179 Venerisque
3167 3108 3535 3162 constellatio.

544 3204 631 3260 lex
669 3208 847 3276 prisca
866 3207 1165 3261 'constituit
1196 3215 1425 3276 nuptum
1459 3204 1599 3257 tradi
1635 3205 1849 3274 publice
1878 3221 2105 3275 pueros,

619 3316 661 3388 ἥδ
704 3314 813 3368 Nec
839 3327 1076 3370 tamen...
1097 3315 1389 3388 disciplina
1420 3313 1617 3367 desunt
1646 3314 1698 3367 in
1731 3314 1891 3388 codd.
1924 3316 2103 3388 Lipss.

2286 3205 2455 3262 XXV.
2498 3204 2575 3258 Ex
2603 3202 2748 3257 omni
2776 3200 2907 3256 orbe
2933 3206 3203 3252 terrarum
3234 3196 3381 3251 Medi
3408 3195 3513 3267 (99)
3542 3202 3738 3248 tantum-

2183 3321 2227 3351 "
2257 3318 2367 3373 Nec
2398 3327 2641 3370 tamen...
2671 3314 2895 3377 habent,
2926 3314 2989 3373 etl
3008 3312 3173 3381 paulo
3195 3310 3376 3366 infra:
3405 3321 3452 3366 et
3482 3307 3734 3378 nunquid...

547 3385 1057 3460 habuerintpariter
1078 3385 1273 3438 desunt
1302 3384 1355 3460 in
1396 3384 1817 3460 utroquecodd.
1839 3381 2017 3457 Lipss'.
2089 3390 2133 3421 ”
2151 3389 2448 3460 Cumque...
2482 3397 2659 3457 poetas
2681 3390 2935 3455 producat
2958 3392 3010 3438 et
3037 3384 3093 3436 in
3121 3382 3225 3437 [ine
3254 3381 3422 3453 hujus
3453 3398 3561 3452 cap.
3582 3396 3736 3448 ergo...

548 3456 878 3512 constellatio
903 3456 1285 3510 desiderantur
1313 3454 1366 3507 in
1399 3454 1557 3509 codd.
1589 3454 1737 3525 Lips.

1890 3569 2026 3627 COT
2037 3572 2257 3628 ELERII
2294 3572 2525 3629 ΝΟΤΛΕ.

548 3684 659 3757 bus
685 3683 877 3757 Begiis
909 3686 1279 3757 emendandus
1318 3688 1465 3741 venit
1508 3687 1865 3752 Bardesanes,
1893 3689 2113 3757 ibidem,

551 3773 604 3879 Ρ.
638 3755 763 3838 ᾷξῡ,
796 3755 859 3818 A,
897 3756 1044 3825 παρὰ
1072 3756 1334 3826 Βάκτροις
1368 3759 1459 3811 καὶ
1491 3758 1698 3828 Γήλοις,
1732 3774 1839 3839 non
1869 3755 2114 3839 _I‘d).).0t;.

579 3827 902 3879 ndilittenler
930 3834 1107 3879 autem
1139 3826 1500 3879 Bardesanem
1533 3844 1594 3879 ac
1616 3826 2004 3879 Recoanmones
2030 3832 2114 3879 hic.

579 3826 902 3894 ndiligenler
930 3834 1107 3895 autem
1139 3826 1500 3881 Bardesanem
1533 3826 1594 3881 ac
1616 3826 2004 3895 Recognitiones
2030 3832 2117 3885 hic

555 3896 683 3963 legit
713 3893 1001 3950 Czesarius.
1034 3893 1265 3950 Rulinus
1289 3913 1416 3951 vero
1458 3898 1687 3953 habebat
1718 3893 1771 3950 iu
1804 3899 1989 3953 codice
2019 3916 2119 3955 suo

553 3965 912 4041 guaybpsloug,
947 3980 1051 4041 non
1084 3967 1375 4041 citv§psioug.
1406 3968 1630 4041 Coi-ﬁge
1672 3968 1847 4022 obiter
1877 3968 2118 4041 Scylacis

553 3982 912 4085 ανανοῗειους,
947 3982 1051 4019 non
1084 3982 1375 4037 ανορειους.
1406 3982 1630 4037 uol-riga
1672 3982 1847 4022 oniter
1877 3982 2118 4041 Scylacis

553 4035 715 4104 Pcrip
740 4050 827 4110 um
867 4036 1041 4110 capite
1069 4037 1135 4110 de
1155 4034 1407 4091 Liburnis
1426 4056 1442 4110 ξ
1457 4032 1616 4110 Οβτρι
1641 4040 2123 4110 γφναιΑκνοκρατοῦν-

552 4121 675 4158 ταιο
709 4106 980 4180 καὶυεὶσὶν
1029 4108 1084 4180 ai
1131 4106 1991 4180 γυναῖκεςλὰνδρῶνῇὲλευθέρών·
2032 4112 2119 4180 μί-

557 4192 787 4250 σγοντιιι.Δ
810 4176 866 4250 δξ
910 4180 1023 4250 τοῖς
1063 4176 1267 4250 ὲαυῖῶν
1300 4176 1531 4250 ﬁctilem,
1558 4177 1651 4230 καὶ
1676 4180 1791 4250 Eoi;
1822 4176 2121 4250 πλησιοχώ-

558 4263 669 4317 putt;
699 4246 945 4319 ἀνδράαίἶ
975 4246 1306 4315 Legendum,
1332 4248 1639 4319 ἐλεύθεραι(
1669 4247 1739 4301 Hi
1761 4246 2122 4319 muliebriint-

552 4319 697 4386 perio
729 4317 947 4384 subjecti
978 4326 1099 4369 sunt
1130 4332 1148 4369 :
1178 4328 1226 4370 et
1256 4317 1497 4371 mulieres
1524 4317 1565 4371 Pa
1594 4318 1720 4371 viris
1747 4329 1866 4370 sunt
1904 4318 2118 4383 liberte;

556 4389 839 4468 miscentur
860 4398 1033 4439 autem
1063 4403 1179 4440 cum
1211 4388 1320 4441 suis
1344 4390 1524 4454 servis,
1549 4389 1937 4460 vicinarumque
1952 4390 2120 4460 regio-

556 4474 679 4510 num
712 4473 863 4510 υινιε.

626 4528 737 4598 (95)
774 4526 927 4595 Apud
975 4523 1189 4598 Gallos.
1225 4526 1281 4581 Id
1333 4528 1495 4581 etiam
1546 4536 1813 4582 testantur
1850 4527 2117 4585 Diodorus

558 4595 795 4653 Simulus.
830 4598 921 4651 lib.
948 4614 1000 4658 v,
1028 4606 1081 4651 et
1109 4597 1420 4659 Athenians,
1448 4598 1539 4653 lib.
1569 4614 1685 4654 xui.

629 4667 741 4738 (96)
783 4666 846 4720 In
870 4667 1167 4738 Britannia
1192 4667 1429 4736 partibus
1450 4709 1464 4728 ,
1495 4676 1601 4722 etc.
1640 4669 1710 4722 De
1741 4668 1978 4738 antiquis
2010 4667 2128 4722 Bri-

555 4737 740 4793 tannis
769 4737 933 4790 verba
982 4746 1107 4792 sunt
1139 4737 1369 4792 Casaris
1418 4738 1511 4791 lib.
1546 4755 1577 4791 ν
1618 4738 1695 4792 De
1744 4737 1885 4793 bello
1923 4737 2127 4793 Gallica

558 4824 679 4878 cap.
701 4809 733 4864 5
766 4826 779 4861 :
816 4806 1014 4861 Uxores
1038 4807 1225 4860 habent
1254 4808 1373 4861 deni
1399 4808 1721 4878 duodenique
1746 4810 1883 4863 inter
1906 4826 1960 4862 se
1984 4826 2128 4863 comr-

559 4894 759 4949 munes.
792 4888 839 4931 et
876 4878 1104 4949 maxime
1135 4879 1327 4946 fratres
1356 4894 1472 4930 cum
1504 4879 1780 4945 fratribus,
1810 4888 1859 4933 et
1886 4890 2127 4949 parentes

560 4965 678 5002 cum
709 4948 905 5002 liberis.
942 4948 1016 5001 De
1043 4951 1211 5002 multo
1241 4949 1633 5003 recentioribus
1655 4956 1833 5003 autem
1882 4950 1962 5002 sui
1994 4958 2129 5003 tem-

563 5020 714 5088 poris
760 5018 834 5073 ait
872 5018 1080 5078 Gildas,
1113 5018 1167 5071 in
1196 5018 1439 5087 Epistola
1464 5020 1528 5073 de
1556 5019 1759 5073 excidio
1786 5018 2082 5072 Britannia
2105 5035 2126 5073 :

563 5089 723 5159 Reges
764 5088 916 5142 habet
950 5089 1252 5150 Britannia,
1278 5090 1366 5142 sed
1404 5100 1690 5159 tyrannos;
1713 5088 1919 5157 judice:
1951 5089 2124 5152 habet,

561 5158 653 5214 sed
679 5160 888 5226 impios,
922 5176 1055 5227 sa’pe
1082 5159 1398 5227 pra'dantes,
1422 5158 1469 5212 et
1498 5160 1847 5213 concutientes
1885 5160 2129 5213 innocen-

565 5240 669 5294 tes;
709 5230 1049 5291 rindicantes,
1076 5240 1124 5282 et
1148 5241 1487 5298 protegentes,
1520 5231 1609 5284 sed
1642 5247 1753 5284 reos
1777 5238 1826 5282 et
1856 5232 2126 5293 latrones;

563 5301 982 5368 quamplurimas
1006 5300 1246 5369 conjuges
1266 5300 1529 5361 habentes,
1548 5299 1635 5353 sed
1655 5299 2128 5367 scortantes.Apud

567 5369 761 5425 Scotus
793 5387 918 5423 vero
944 5378 1154 5438 gentem
1202 5371 1584 5433 Britannicam,
1618 5385 1935 5423 communes
1957 5370 2128 5424 exsti-

565 5443 699 5512 tisse
734 5458 931 5495 uxores
960 5442 1221 5512 discimus
1265 5458 1292 5512 a
1327 5440 1775 5512 Hieronymolib.
1810 5456 1852 5512 ιι
1882 5439 2129 5512 adversus

565 5510 903 5565 Iovinianum
936 5528 983 5566 c.
1015 5512 1068 5566 6.
1102 5509 1211 5565 Nec
1260 5509 1599 5565 dissumilit‘er
1637 5510 1859 5565 Hiberni
1890 5511 1945 5563 in
1977 5510 2131 5563 Stra-

567 5581 709 5635 bone
733 5582 823 5638 lih.
860 5600 929 5637 tv.
966 5581 1119 5648 Quod
1151 5591 1357 5651 spectat
1384 5583 1449 5636 ad
1480 5581 1710 5636 Parthos
1732 5620 1746 5642 ,
1780 5596 1977 5635 uxores
2008 5579 2130 5633 dul-

570 5652 976 5723 cedine_varia
1022 5652 1261 5723 libidinis
1293 5653 1492 5723 singuli
1525 5654 1707 5721 plures
1733 5651 2040 5723 habebant;
2073 5659 2131 5723 ut

568 5721 751 5776 verbis
772 5721 969 5777 Justini
998 5722 1253 5776 Historici
1288 5719 1692 5788 libfxufutar.
1731 5719 1844 5773 Hoc
1880 5733 2043 5789 porro
2073 5720 2130 5773 in

572 5796 710 5849 ioco,
758 5799 811 5843 et
845 5793 1039 5846 Noster
1082 5791 1358 5855 paululum
1406 5791 1620 5847 deflexit
1662 5807 1691 5845 a
1721 5789 2045 5855 Bardesane,
2077 5796 2131 5844 et

570 5863 848 5930 diligentia
878 5861 1051 5935 defuit
1076 5861 1329 5917 Caesario.

2292 3690 2403 3763 (97)
2445 3691 2547 3747 Sed
2576 3708 2734 3762 neque
2751 3690 3092 3763 Mercurium,
3116 3696 3222 3743 etc.
3244 3685 3371 3741 Hac
3393 3692 3572 3739 carent
3589 3698 3738 3763 sensu,

2224 3756 2324 3818 nec
2364 3756 2591 3831 possunt
2625 3756 2889 3817 construi.
2923 3759 3187 3831 Equidem
3217 3773 3275 3812 re
3312 3756 3743 3831 attenteconside-

2222 3824 2821 3918 rata,'c0tiiparatisque
2850 3824 2997 3886 inter
3019 3846 3078 3883 se
3100 3830 3277 3918 trli‘bus
3304 3827 3622 3918 auctoribus,
3649 3824 3742 3904 Bay-

2222 3903 2443 3967 desane,
2488 3897 2992 3972 pseudo-Clemente
3043 3901 3410 3972 etGasario,
3452 3897 3664 3972 arbitror
3700 3897 3740 3948 'm

2223 3973 2410 4027 Graco
2439 3969 2523 4027 hic
2550 3974 2811 4043 scriptum
2857 3970 3028 4043 fuisse
3054 3970 3185 4023 ἀλλὰ
3214 3970 3344 4043 μήν,
3384 3969 3616 4043 Bulinnm
3646 3980 3742 4018 vero

2224 4044 2572 4098 transtulisse
2618 4038 2706 4097 sed
2749 4053 2818 4102 et,
2853 4052 2945 4095 aut
2989 4041 3035 4095 si
3085 4038 3428 4094 tranStulerit
3470 4038 3554 4093 sed
3596 4051 3737 4105 neque.

2228 4128 2508 4183 perperam
2545 4114 2735 4183 legisse
2760 4111 2894 4165 ἀλλὰ
2928 4112 3022 4183 μή.
3054 4109 3183 4164 Dein
3224 4121 3281 4163 ut
3322 4111 3628 4180 particulam
3650 4119 3743 4161 esse

2227 4183 2573 4237 concedentis
2602 4184 2871 4237 existimo.

2300 4253 2411 4322 (98)
2452 4253 2703 4322 Chrysea.
2724 4251 2797 4305 De
2815 4251 3023 4321 Chryse
3044 4251 3267 4322 consule
3292 4249 3635 4321 geographos,
3652 4257 3744 4299 nec-

2228 4319 2336 4377 non
2362 4319 2613 4377 S'almasii
2646 4319 3077 4377 Exercitationes
3105 4319 3400 4375 Plinianas.

2299 4393 2411 4461 (99)
2452 4391 2613 4448 Medi.
2645 4393 2841 4447 Narrat
2885 4391 3081 4461 hocde
3122 4390 3425 4445 Bactrianis
3456 4386 3744 4461 Onesicritus

2226 4454 2369 4530 apud
2396 4454 2721 4533 Strabonem
2749 4463 2842 4517 lib.
2876 4478 2969 4533 xi._
2976 4460 3050 4515 De
3076 4461 3263 4533 iisdem
3293 4460 3538 4533 Baeti-iis
3558 4472 3640 4533 seu
3668 4454 3747 4533 Ba-

2226 4526 2379 4604 ctris,
2409 4543 2462 4588 et
2509 4532 2575 4588 de
2622 4532 2889 4604 Hyrcanis
2938 4530 3293 4604 Porphyrius_,
3338 4526 3748 4604 lvd-lepi‘dt'toxﬁ;

2153 4588 2197 4643 Ῑ)
2225 4588 2480 4674 ἐμψύχων
2528 4588 2690 4658 num."
2722 4603 2783 4656 21
2814 4617 2886 4674 ac
2919 4588 3210 4674 post:_ei1m
3254 4588 3516 4674 Eusebius

2252 4666 2433 4743 evang).
2466 4674 2557 4743 lib.
2592 4689 2629 4736 ι,
2656 4687 2776 4742 cap.
2807 4673 2891 4735 Η,
2921 4666 2987 4726 ἐι
3016 4670 3376 4743 Hieronymus
3403 4686 3440 4724 ιι
3472 4670 3523 4721 in
3550 4666 3750 4743 lavinia-

2231 4741 2455 4809 num,‘6.
2482 4742 2583 4809 Qui
2613 4741 2946 4812 postremus,
2979 4749 3038 4794 ut
3078 4742 3129 4795 id
3154 4742 3338 4812 obiter
3358 4754 3596 4793 moneam
3616 4777 3628 4800 ,
3668 4741 3749 4812 illi:

2230 4829 2335 4868 nus
2358 4806 2637 4867 commode
2666 4812 2948 4882 Porphyrii
2976 4809 3503 4882 κατακρημνίζουσιν
3530 4806 3750 4882 convertit

2230 4882 2551 4959 suspendunt
2578 4884 2631 4936 in
2646 4874 2936 4959 patibulis,
2964 4882 3041 4959 ufi
3065 4874 3516 4959 etiaiii'patetex
3545 4874 3750 4959 Theodo-

2230 4950 2331 5024 riti'
2364 4968 2614 5008 sermone
2635 4953 2711 5006 De
2738 4952 2956 5023 legibus.
2996 4950 3199 5024 p.615.
3240 4950 3666 5024 A_b.aliis_:_iutem
3687 4957 3751 4993 re-

2232 5022 2403 5078 fertur
2425 5024 2686 5077 usitatum
2732 5018 2901 5078 fuisse
2929 5018 3068 5091 apud
3114 5018 3453 5083 Bactrianos,
3493 5018 3749 5091 Hyrcanos.

2230 5092 2446 5165 Persas,
2472 5094 2745 5165 Assyrios.
2767 5083 3010 5162 Caspios,
3033 5090 3283 5165 ludorum
3311 5083 3751 5165 aliquos—Parthos

2231 5163 2494 5233 aliosque,
2542 5157 2890 5218 niortuorum'
2948 5164 3233 5233 cadavera
3271 5157 3519 5233 canibus,
3575 5157 3749 5233 Ιιρῇῐίἰξι

2232 5222 2559 5296 vulturibus.
2610 5234 2925 5288 volucribus
2971 5232 3275 5286 devoranda
3326 5222 3752 5299 projicereLUntje

2230 5303 2433 5376 ἀίοιιιιη
2454 5288 2459 5289 ν
2481 5288 2732 5376 υἰὸεεηὶε
2781 5304 2833 5357 in
2870 5300 3083 5376 Δξιοιιῖιεξὶ
3109 5288 3521 5376 sermoiiejﬁi
3552 5296 3675 5376 ,ζοςι
3703 5288 3751 5376 ἂν

2275 5374 2330 5426 ὲν
2348 5374 2506 5438 κύνες
2526 5368 2685 5427 αὐῖτὸν
2704 5373 3073 5444 σπαράξωσεν,
3108 5371 3368 5443 Ὑρκανία
3390 5369 3536 5444 ἔστ-α.
3605 5368 3748 5444 tam:

2268 5461 2296 5496 ν
2343 5445 2399 5498 δὲ
2430 5444 2637 5511 γῦπες,
2674 5438 2951 5514 Βάκτρων.
3006 5440 3077 5495 Ita
3127 5438 3266 5514 enim
3297 5439 3523 5514 eluendo
3561 5438 3617 5514 in
3647 5442 3751 5514 voce

2230 5495 2396 5567 nihili
2413 5495 2648 5581 eluito};
2678 5495 2959 5568 adductus
2973 5512 3309 5581 auctoritate
3357 5504 3639 5581 Plutarchi.
3657 5495 3748 5581 ,αξιξ

2223 5581 2279 5636 in
2294 5566 2483 5633 libello
2516 5566 2594 5630 An
2622 5566 2881 5632 uitiositas
2915 5566 2982 5630 ad
3009 5578 3371 5647 infelicitatem
3391 5572 3632 5647 sufficiat.
3657 5566 3747 5647 hirti

2224 5633 2384 5705 habet
2414 5666 2428 5701 :
2476 5648 2754 5715 Ὗῖρκάνων
2800 5648 2855 5700 δὲ
2886 5633 3077 5710 κύνεςξ
3104 5633 3549 5715 Βακτριανῶν
3573 5633 3747 5715 ὄρνιθες

2220 5719 2447 5788 νεκροὺς
2472 5704 2734 5772 ὲσόίουσιν
2758 5716 2898 5771 κατὰ
2921 5704 3139 5789 νόμὸὺς,
3160 5704 3283 5770 ὅταν
3307 5712 3571 5787 μακαρίου
3592 5704 3745 5762 ἐέλους

2219 5789 2577 5860 τυγχάνωσιν.
