4036 6252
331 384 468 440 HIS

1484 374 2046 434 RECOGNIT-IONUM
2088 372 2216 427 LIB.
2258 373 2349 430 IX.

3410 378 3550 435 MM

327 501 490 555 modo
519 514 729 555 summa
758 498 1106 555 observantia
1134 495 1310 552 adhuc
1338 504 1609 567 spirantes
1633 496 1883 550 homines
1914 504 1957 556 Α
1994 491 2272 559 signorum
2294 531 2308 555 ,
2345 504 2519 559 neque
2550 489 2768 559 triginta
2798 498 2852 544 et
2886 505 2980 544 sex
3010 490 3308 547 secundum
3349 508 3546 546 nume-

328 593 557 646 canibus
609 589 951 647 devorandos
1000 589 1300 658 abjiciunt,
1333 589 1379 619 ⁶⁹
1410 597 1462 643 et
1508 603 1617 642 non
1667 588 1738 640 ob
1782 587 1885 639 hoc

329 678 552 737 Martem
583 697 703 735 cum
732 680 882 735 Luna
910 697 1008 751 per
1037 681 1286 736 diurnam
1320 680 1561 747 genesim
1591 679 1644 733 in
1674 677 1886 732 Cancro

329 771 538 841 positos
569 771 787 825 habent.
818 769 932 824 Indi
964 780 1206 826 mortuos
1235 784 1364 824 suos
1397 768 1727 831 incendunt,
1760 782 1884 821 cum

329 861 527 930 quibus
557 869 609 915 et
640 877 838 917 uxores
868 860 1248 917 defunctorum
1288 867 1479 931 sponte
1510 875 1567 913 se
1595 858 1885 913 oﬂerentes

328 958 653 1005 exuruntur.
687 950 793 1006 Sed
831 966 937 1005 non
974 952 1096 1006 ideo
1134 967 1323 1005 omnes
1361 967 1481 1019 qua:
1522 950 1657 1003 vivae
1699 949 1885 1002 inccn—

328 1039 531 1093 duntur
558 1038 812 1095 Indorum
843 1043 1101 1097 mulieres
1122 1084 1136 1107 ,
1171 1042 1224 1095 in
1267 1050 1533 1094 nocturna
1565 1041 1747 1110 genesi
1781 1039 1886 1094 sub

326 1142 468 1185 terra
496 1132 697 1187 habent
729 1130 907 1187 Solem
936 1147 1058 1186 cum
1089 1133 1257 1188 Marte
1296 1134 1348 1187 in
1388 1133 1634 1202 partibus
1673 1130 1882 1186 Martis.

326 1220 718 1276 Germanorum
770 1223 990 1293 plurimi
1036 1224 1228 1293 laqueo
1276 1225 1440 1279 vitam
1492 1225 1725 1286 ﬁniunt,
1779 1237 1883 1276 nec

327 1313 536 1367 idcirco
562 1330 752 1370 omnes
780 1314 987 1368 Lunam
1020 1331 1144 1369 cum
1174 1317 1340 1380 hora,
1372 1312 1608 1370 Saturno
1636 1322 1689 1369 et
1713 1313 1885 1367 Marte

327 1406 746 1462 circumcinctas
775 1407 991 1462 habent.
1012 1406 1119 1462 Sed
1144 1423 1251 1462 non
1280 1408 1335 1461 in
1364 1407 1509 1461 omni
1541 1415 1719 1477 gente,
1751 1413 1803 1459 et
1832 1405 1886 1458 in

328 1497 475 1551 omni
505 1498 590 1552 die
619 1513 717 1567 per
743 1514 957 1553 omnem
985 1500 1355 1555 diversitatem
1401 1500 1613 1570 genesis
1649 1514 1886 1554 nascun-

326 1596 417 1641 tur
460 1588 750 1643 homines?
788 1588 866 1644 Ex
907 1590 1107 1660 quibus
1144 1592 1401 1646 omnibus
1440 1598 1704 1660 apparet,
1756 1590 1885 1660 quia

328 1687 503 1733 metus
538 1680 713 1750 legum
746 1681 801 1735 in
832 1697 1161 1751 unaquaque
1196 1684 1418 1752 regione
1460 1683 1792 1746 dominatur,
1832 1689 1886 1737 et

328 1774 537 1829 arbitrii
570 1776 793 1829 libertas
823 1792 943 1846 qua:
973 1785 1058 1831 est
1084 1777 1399 1832 hominibus
1430 1778 1593 1832 insita
1633 1792 1729 1846 per
1768 1777 1886 1847 spi—

1988 599 2106 636 rum
2137 582 2467 636 decanorum
2489 621 2503 644 ,
2538 582 2632 636 sed
2664 590 2790 636 sunt
2820 583 3136 640 innumerae.

2056 671 2270 727 XXVII.
2312 671 2623 727 Meminisse
2667 680 2846 728 autem
2895 674 3154 730 debemus
3204 691 3392 731 eorum
3425 691 3546 745 quae

1987 779 2151 833 supra
2195 770 2509 819 enumerata
2550 771 2698 828 sunt,
2737 765 2881 834 quod
2914 767 2967 819 in
2996 780 3101 819 una
3134 766 3298 821 Indiae
3322 767 3547 836 regione

1987 863 2113 909 sunt
2140 866 2195 910 et
2240 857 2334 926 qui
2377 856 2656 910 hominum
2690 857 2950 912 carnibus
2984 868 3293 922 vescantur,
3326 868 3379 912 et
3419 866 3548 914 sunt

1987 947 2079 1015 qui
2111 947 2275 1001 etiam
2320 962 2350 1000 a
2382 948 2681 1017 pecudibus
2716 948 2798 1002 vel
2831 950 3024 1005 avi-bus
3054 951 3414 1021 omnibusque
3435 952 3544 1004 ani.

1988 1040 2263 1095 mantihus
2293 1041 2625 1107 abstineant,
2656 1047 2710 1095 et
2751 1041 2878 1110 quia
2921 1040 3176 1112 Magusaei
3226 1059 3335 1097 non
3371 1045 3545 1099 solum

1986 1129 2042 1183 in
2072 1129 2294 1186 Perside
2330 1138 2539 1199 matres,
2567 1148 2631 1186 ac
2682 1133 2820 1187 ﬁlias
2869 1134 3144 1201 accipiunt
3196 1135 3251 1189 in
3279 1137 3530 1189 matrimo

1986 1221 2158 1283 nium,
2197 1219 2290 1275 sed
2316 1222 2439 1275 etin
2467 1220 2613 1275 omni
2645 1230 2804 1290 gente
2823 1222 3134 1291 ubicunque
3163 1224 3547 1289 habitaverint,

1986 1313 2251 1366 malorum
2283 1329 2505 1369 suorum
2536 1315 2742 1368 incesta
2775 1314 3023 1368 instituta
3047 1316 3385 1370 custodiunt.
3411 1315 3549 1370 Tum

1985 1415 2251 1472 praeterea
2292 1414 2346 1460 et
2403 1406 2719 1460 innumeras
2743 1412 2931 1475 gentes
2961 1410 3402 1472 memoravimus,
3428 1426 3551 1480 qua:

1986 1497 2204 1564 penitus
2235 1496 2415 1551 studia
2443 1497 2695 1551 nesciunt
2728 1495 3058 1551 litterarum.
3086 1495 3194 1551 Sed
3210 1505 3263 1552 et
3287 1501 3551 1569 aliquanti

1988 1588 2263 1656 sapientes
2292 1587 2395 1642 viri
2426 1587 2577 1659 ipsas
2617 1589 2764 1659 leges
2788 1589 2841 1643 in
2873 1589 3152 1644 nonnullis
3185 1602 3552 1649 commutave-

1986 1686 2114 1731 runt
2143 1678 2298 1740 locis,
2332 1678 2451 1732 alia:
2474 1693 2602 1732 vero
2637 1680 2799 1733 etiam
2827 1688 3027 1751 sponte
3060 1694 3158 1748 pro
3199 1680 3282 1734 sui
3336 1683 3417 1735 vel
3450 1683 3551 1736 im-

1987 1770 2349 1840 possibilitate
2384 1771 2465 1825 vel
2501 1771 2843 1825 inhonestate
2869 1772 3140 1827 derelicta:
3188 1780 3333 1827 sunt.
3366 1774 3547 1838 Certe,

327 1866 525 1930 ritum,
557 1868 893 1937 obtemperat
928 1870 1175 1938 legibus,
1213 1885 1315 1925 nec
1353 1885 1546 1940 cogere
1582 1877 1761 1940 potest
1793 1885 1881 1938 ge-
1914 1858 1957 1918 B
1986 1863 2131 1933 quod
2178 1862 2234 1916 in
2286 1869 2535 1933 promptu
2570 1870 2653 1916 est
2685 1877 2930 1926 noscere,
2967 1863 3153 1932 quanti
3198 1865 3552 1933 imperatores

328 1959 477 2013 nesis
505 1967 597 2012 aut
627 1957 786 2015 Seres
813 1961 1171 2014 homicidium
1202 1961 1564 2025 committere,
1596 1969 1687 2015 aut
1718 1960 1886 2028 Brag-

330 2062 519 2102 manos
556 2051 812 2105 carnibus
847 2050 1027 2114 vesci,
1067 2061 1161 2104 aut
1194 2050 1390 2107 Persas
1429 2053 1634 2106 incesta
1674 2052 1882 2115 vitare,

327 2139 413 2193 vel
440 2138 602 2194 Indos
629 2156 736 2194 non
765 2142 950 2205 exuri,
979 2149 1073 2195 aut
1103 2141 1288 2198 Medos
1322 2159 1430 2197 non
1462 2158 1492 2196 a
1524 2143 1755 2198 canibus
1788 2143 1884 2198 de-

329 2228 541 2291 vorari,
589 2228 818 2285 Parthos
859 2247 972 2286 non
1015 2233 1215 2289 habere
1262 2234 1447 2303 plures
1500 2248 1733 2296 uxores,
1782 2243 1879 2288 aut

330 2316 586 2373 mtilieres
644 2318 1044 2390 Mesopotamiae
1091 2337 1199 2377 non
1250 2337 1468 2378 servare
1522 2322 1838 2392 pudicitiam
1867 2361 1883 2387 ,

335 2405 551 2464 Graecos
591 2426 698 2464 non
736 2414 981 2468 exerceri
1010 2414 1308 2483 palaestris,
1353 2412 1628 2467 Gallorum
1680 2427 1879 2483 pueros

328 2512 437 2549 non
470 2498 579 2568 pati
612 2499 1042 2564 muliebria,ch
1070 2508 1259 2571 gentes
1283 2501 1544 2556 barbaras
1573 2488 1884 2553 Graecorum

330 2590 528 2645 studiis
557 2590 803 2658 institui,
836 2591 952 2657 sed,
982 2601 1041 2645 ut
1066 2591 1302 2647 diximus
1322 2632 1337 2655 ,
1380 2606 1716 2661 unaquaeque
1752 2604 1883 2659 gens

330 2683 447 2736 suis
482 2683 692 2752 legibus
736 2686 909 2736 utitur
948 2699 1049 2753 pro
1087 2685 1354 2739 libertatis
1395 2684 1653 2748 arbitrio,
1698 2690 1752 2737 et
1792 2680 1886 2737 de-

329 2783 478 2828 creta
510 2777 722 2844 genesis
749 2777 929 2847 legum
961 2778 1251 2833 severitate
1281 2777 1522 2847 depellit.

399 2858 589 2917 XXVI.
626 2864 671 2893 ⁷⁰
708 2862 814 2918 Sed
851 2864 995 2919 dicet
1032 2866 1229 2935 aliquis
1264 2882 1453 2921 eorum
1493 2867 1583 2936 qui
1624 2867 1678 2921 in
1717 2866 1884 2920 disci-

330 2954 477 3023 plina
527 2954 787 3010 mathesis
834 2958 1029 3011 eruditi
1081 2966 1240 3022 sunt,
1294 2960 1534 3030 genesim
1585 2961 1638 3014 in
1677 2970 1883 3031 septem

329 3053 513 3116 partes
553 3046 769 3111 dirimi,
815 3065 935 3118 qua:
976 3049 1054 3104 illi
1116 3052 1336 3106 climata
1381 3053 1655 3123 appellant
1698 3053 1882 3125 (100),

328 3136 600 3191 dominari
629 3154 757 3194 vero
786 3140 1080 3211 unicuique
1110 3143 1316 3197 climati
1358 3160 1520 3199 unam
1566 3161 1631 3201 ex
1671 3154 1880 3216 septem

328 3229 532 3292 stellis,
581 3236 635 3284 et
688 3230 821 3286 istas
872 3247 1007 3301 quas
1044 3236 1395 3303 exposuimus
1440 3238 1684 3293 diversas
1736 3239 1882 3310 leges

327 3336 437 3375 non
482 3323 550 3377 ab
598 3323 909 3378 hominibus
950 3327 1188 3393 positas,
1228 3329 1321 3382 sed
1359 3330 1427 3383 ab
1464 3329 1585 3384 istis
1619 3331 1882 3400 principi-

326 3411 430 3466 bus
460 3413 756 3467 secundum
802 3415 1235 3487 uniuscujusque
1275 3419 1645 3485 voluntatem;
1687 3430 1740 3475 et
1777 3422 1880 3477 hoc

325 3504 470 3573 quod
503 3507 671 3561 stella:
699 3508 874 3562 visum
903 3515 1023 3575 est,
1056 3509 1225 3578 legem
1258 3508 1328 3562 ab
1359 3508 1667 3566 hominibus
1695 3512 1880 3566 obser-

326 3605 528 3655 ratam.
569 3599 645 3652 Ad
686 3599 801 3653 hrec
835 3614 963 3669 ergo
1000 3600 1483 3669 reSpondebimus,
1525 3601 1669 3671 quod
1708 3604 1883 3672 primo

326 3687 546 3755 quidem
576 3705 683 3743 non
713 3697 796 3744 est
824 3690 877 3744 in
908 3698 1112 3759 septem
1143 3696 1324 3759 partes
1357 3691 1508 3745 orbis
1546 3699 1702 3744 terrae
1739 3692 1879 3745 divi-

326 3795 455 3843 sus,
492 3788 604 3833 tum
633 3780 827 3836 deinde
856 3789 909 3836 et
938 3782 984 3836 si
1017 3781 1089 3834 ita
1118 3790 1303 3846 esset,
1337 3781 1391 3835 in
1423 3796 1528 3835 una
1557 3789 1711 3852 parte
1743 3788 1797 3837 et
1825 3781 1879 3835 in

324 3886 432 3924 una
468 3871 686 3940 regione
723 3872 1028 3927 invenimus
1062 3873 1260 3926 multas
1291 3872 1623 3927 differentias
1661 3873 1838 3941 legum
1860 3910 1877 3936 ,

324 3969 378 4014 et
430 3960 553 4015 ideo
603 3978 779 4032 neque
832 3971 1033 4032 septem
1083 3971 1211 4019 sunt
1247 3965 1543 4019 secundum
1593 3980 1877 4018 numerum

324 4052 645 4121 stellarum,
688 4070 867 4125 neque
905 4054 1193 4110 duodecim
1241 4058 1543 4111 secundum
1594 4072 1882 4111 numerum

1988 1956 2231 2026 gentium
2261 1970 2399 2025 quas
2426 1955 2669 2009 vicerant
2698 1956 2845 2026 leges
2873 1963 2927 2010 et
2961 1956 3209 2010 instituta
3248 1967 3550 2022 mutarunt,

1986 2054 2039 2099 et
2069 2046 2185 2101 suis
2221 2061 2316 2101 eas
2366 2046 2577 2116 legibus
2611 2046 2984 2115 subjecerunt!
3011 2047 3166 2113 Quod
3215 2050 3492 2104 evidenter
3520 2067 3550 2103 a

1987 2137 2248 2193 Romanis
2299 2137 2501 2191 factum
2532 2138 2777 2200 docetur,
2808 2138 2899 2208 qui
2932 2154 3146 2193 omnem
3179 2154 3319 2213 pene
3362 2143 3549 2196 orbem

1986 2245 2286 2299 omnesque
2312 2231 2563 2285 nationes
2594 2231 2827 2301 propriis
2857 2230 3033 2299 primo
3059 2237 3113 2285 et
3142 2233 3308 2287 variis
3340 2234 3553 2301 legibus

1986 2320 2360 2390 institutisque
2389 2322 2651 2385 viventes,
2685 2323 2739 2376 in
2765 2321 3137 2375 Romanorum
3157 2323 3250 2391 jus
3283 2333 3337 2378 et
3370 2326 3551 2381 civilia

1987 2415 2124 2468 scita
2149 2420 2450 2468 verterunt.
2488 2413 2534 2444 '“
2561 2409 2823 2483 Superest
2866 2427 2997 2482 ergo
3037 2421 3095 2466 ut
3128 2423 3181 2468 et
3216 2417 3387 2470 stella:
3419 2433 3552 2486 gen-

1986 2506 2144 2567 tium,
2179 2520 2297 2574 quae
2327 2519 2357 2557 a
2390 2502 2652 2559 Romanls
2681 2505 2839 2559 victae
2868 2511 3017 2568 sunt,
3050 2504 3267 2560 climata
3296 2522 3393 2562 sua
3430 2524 3553 2577 par-

1984 2605 2175 2665 tesque
2207 2596 2563 2669 perdiderint.

2055 2686 2290 2742 XXVIII.
2334 2687 2542 2741 Addam
2595 2685 2773 2740 adhuc
2825 2700 2962 2751 rem,
2997 2702 3116 2759 quae
3167 2695 3341 2757 possrt
3387 2689 3549 2743 etiam

1985 2778 2144 2833 valde
2192 2777 2490 2833 incredulis
2526 2776 2859 2832 satisfacere.
2904 2776 3075 2832 Judazi
3133 2793 3320 2833 omnes
3348 2779 3422 2851 (l)
3456 2780 3550 2849 qui

1985 2873 2089 2927 sub
2116 2873 2231 2942 lege
2258 2870 2427 2942 Moysi
2459 2871 2669 2933 vivunt,
2689 2868 2829 2924 ﬁlios
2859 2886 2990 2926 suos
3016 2878 3206 2925 octava
3236 2871 3322 2925 die
3344 2874 3552 2942 absque

1984 2964 2093 3016 ulla
2118 2963 2379 3017 dilatione
2406 2960 2825 3022 circumcidunt,
2866 2967 2919 3015 ct
2951 2960 3176 3015 infantis
3216 2963 3386 3015 teneri
3423 2978 3553 3018 san—

1984 3054 2204 3123 guinem
2248 3051 2513 3117 fundunt;
2547 3067 2575 3103 a
2624 3051 2824 3105 saeculo
2853 3061 3032 3105 autem
3064 3052 3249 3107 nullus
3276 3069 3339 3106 ex
3372 3056 3549 3123 genti-

1986 3143 2089 3198 bus
2117 3143 2218 3197 hoc
2248 3144 2337 3198 die
2360 3149 2550 3196 octava
2573 3152 2865 3211 perpessus
2892 3148 2995 3205 est,
3014 3151 3067 3194 et
3092 3150 3315 3197 econtra
3336 3141 3551 3197 Judaao—

1985 3252 2106 3291 rum
2135 3236 2316 3289 nullus
2346 3233 2545 3289 omisit.
2580 3231 2861 3298 Quomodo
2890 3248 3020 3301 ergo
3063 3234 3117 3287 in
3166 3233 3266 3287 hoc
3297 3235 3433 3289 ratio
3458 3252 3551 3299 ge-

1986 3326 2135 3381 nesis
2170 3325 2374 3380 stabit?
2403 3339 2524 3379 cum
2559 3338 2655 3392 per
2694 3329 2920 3375 cunctas
2971 3323 3122 3378 orbis
3170 3333 3328 3379 terra:
3366 3336 3549 3396 partes

1986 3432 2176 3472 omnes
2226 3415 2396 3470 Judaei
2451 3414 2666 3469 admisti
2714 3412 2961 3482 gentibus
3012 3414 3216 3479 vivant,
3248 3425 3302 3470 et
3357 3426 3549 3471 octava

1986 3508 2187 3564 ferrum
2208 3506 2483 3577 perferant
2511 3506 2598 3559 die
2625 3506 2788 3561 unius
2812 3507 2867 3561 in
2898 3508 3126 3561 membri
3155 3509 3297 3572 loco,
3316 3517 3368 3563 et
3389 3525 3550 3563 nemo

1987 3600 2290 3671 gentilium,
2316 3598 2410 3653 sed
2438 3598 2541 3667 ipsi
2579 3599 2701 3662 soli,
2736 3608 2795 3653 ut
2826 3599 2959 3661 dixi,
2989 3600 3091 3653 hoc
3125 3600 3351 3664 faciunt,
3371 3601 3415 3632 τ’
3440 3616 3549 3656 non

1985 3693 2144 3748 stella
2168 3698 2395 3762 cogente
2426 3706 2525 3745 nec
2547 3691 2865 3760 perfusione
2894 3694 3181 3761 sanguinis
3202 3703 3544 3764 perurgente,

1985 3784 2081 3839 sed
2112 3784 2228 3853 lege
2271 3782 2551 3853 religionis
2599 3783 2841 3845 adducti,
2875 3791 2928 3837 et
2960 3783 3013 3837 in
3039 3800 3364 3855 quocunque
3398 3786 3545 3839 orbis

1986 3873 2106 3927 loco
2138 3874 2335 3926 fuerint
2365 3873 2467 3926 hoc
2495 3879 2579 3927 est
2608 3873 2688 3929 eis
2710 3873 2924 3943 insigne
2949 3875 3323 3929 vernaculum.
3353 3872 3456 3929 Sed
3488 3884 3544 3927 et

1987 3965 2130 4035 quod
2181 3981 2346 4018 unum
2396 3979 2591 4017 nomen
2625 3965 2880 4018 omnibus
2910 3964 3050 4018 inest
3099 3965 3405 4034 ubicunque
3435 3966 3545 4021 fuc-

1988 4058 2119 4117 rint,
2154 4052 2397 4122 nunquid
2458 4060 2511 4105 et
2554 4052 2656 4105 hoc
2709 4068 2803 4122 per
2836 4056 3075 4122 genesim
3105 4056 3292 4108 venit?
3316 4066 3369 4109 et
3395 4056 3542 4125 quod

392 4239 437 4270 "
460 4236 525 4290 Et
550 4235 916 4307 non..habent_
964 4240 1123 4307 atque
1165 4233 1254 4307 illa
1304 4251 1423 4305 quae
1473 4237 1526 4290 in
1561 4237 1913 4307 sequentibus
1965 4236 2030 4290 ad
2063 4234 2407 4307 astrologiam
2466 4240 2714 4307 spectant
2758 4247 2939 4285 omnia
2986 4233 3079 4307 sed
3122 4233 3539 4307 nonnullaab;

320 4320 369 4363 et
421 4325 510 4361 nec
559 4308 821 4362 idcirco...
858 4304 1054 4375 Martis
1076 4318 1182 4375 non
1232 4304 1483 4375 leguntur
1514 4307 1568 4360 in
1628 4304 1787 4361 codd.
1814 4306 1989 4375 Lipss.

2069 4308 2114 4337 ⁷⁰
2154 4302 2429 4359 Sed‘dicet
2461 4345 2497 4358 ..
2534 4303 2779 4373 instituta
2811 4303 3111 4373 custodiunt
3143 4312 3283 4373 (cap.
3310 4302 3401 4372 27)
3442 4304 3541 4356 dc-

321 4385 448 4433 sunt
478 4379 532 4432 in
570 4378 729 4432 codd.
762 4376 940 4444 Lipss.
1015 4373 1060 4406 '“
1097 4369 1407 4443 Superest...
1447 4376 1765 4445 perdiderint
1786 4369 1984 4432 des-unt
2015 4375 2068 4431 in
2099 4374 2255 4430 codd.
2292 4374 2470 4443 Lipss.
2544 4374 2589 4404 '"‘
2610 4369 2733 4425 Non
2765 4372 2989 4428 stella...
3010 4382 3101 4426 aut
3130 4369 3296 4427 emere
3325 4369 3434 4427 nun
3463 4375 3544 4427 le-

318 4456 519 4519 guntur
545 4449 600 4503 in
619 4447 778 4503 codd.
793 4445 972 4514 Lipss.

1638 4537 1999 4594 COTELERII
2032 4534 2261 4592 NOTIE.

393 4670 537 4741 (100)
578 4668 815 4742 Geneaim
864 4670 1152 4742 {praeptem
1202 4679 1376 4742 partes
1404 4671 1583 4742 dirimi
1604 4710 1618 4734 ,
1650 4687 1766 4742 quae
1792 4671 1875 4723 illi
1905 4675 1948 4729 ι)
1977 4670 2069 4724 lib.
2096 4683 2257 4742 nnc.
2286 4669 2341 4723 ιι.
2383 4667 2581 4742 Verum
2614 4666 2796 4723 forsan
2828 4666 3116 4721 llomeritat
3142 4672 3265 4742 post
3297 4675 3537 4742 tempore

318 4738 537 4795 climata
566 4741 849 4809 appellant.
877 4738 1096 4792 Dillicile
1119 4749 1201 4793 est
1232 4740 1299 4794 de
1327 4741 1430 4793 hoc
1462 4741 1580 4795 loco
1611 4738 1868 4796 statuere.

317 4811 455 4865 Nam
492 4810 537 4863 si
557 4812 803 4881 exigatur
843 4810 909 4863 ad
948 4809 1262 4881 Caesarium,
1306 4810 1530 4881 mutilus
1559 4811 1870 4881 apparebit;

320 4883 367 4935 si
393 4894 522 4934 vero
544 4880 606 4932 ad
634 4874 1013 4942 Bardesanem,
1037 4878 1303 4934 videbitur
1324 4880 1552 4934 Ruﬁnus
1577 4874 1768 4948 legisse
1790 4874 1875 4948 ys-

317 4951 464 5003 νέσιν
488 4964 582 5017 pro
601 4950 721 5019 γῆν.
747 4948 923 5004 Verba
954 4949 1147 5019 prioris
1177 4957 1304 5004 sunt
1338 4950 1506 5004 εἈλλ’
1530 4948 1668 5003 ἑπτὰ
1706 4951 1872 5002 ὄντων

316 5022 386 5091 τῇ
412 5019 620 5092 γενέσςεᾼι
652 5019 1203 5092 ἡμῶν-ἀνακειμένων
1233 5020 1494 5092 ἀττέρῳν,
1526 5023 1606 5083 εἰς
1632 5020 1772 5092 emat
1797 5019 1876 5071 λέ-

316 5087 485 5160 γόμεν
508 5087 754 5162 aligera
782 5090 899 5162 “cth
921 5087 1384 5162 yﬁv'BtatpaicGat'.
1425 5090 1746 5162 Posterioris
1779 5104 1876 5162 au-

317 5157 425 5214 tern
452 5177 464 5212 :
497 5157 648 5230 Οἱᾼδὲ
680 5157 998 5230 ᾲσῖρ-όνόμοὶ
1028 5157 1275 5230 φασὶήτὴν
1298 5160 1400 5229 γῆν
1420 5160 1619 5229 ταύτην
1651 5159 1876 5230 μεμερι-

319 5230 442 5283 οοαι
462 5230 541 5289 εἰς
568 5225 989 5299 eat-«cremata.
1010 5225 1276 5299 Caeterum
1308 5225 1510 5297 septem
1540 5225 1754 5299 quoque
1784 5225 1877 5281 cli-

317 5306 461 5351 mata
508 5297 657 5365 ponit
714 5296 933 5350 Servius
980 5301 1043 5352 ad
1091 5315 1103 5351 l
1146 5296 1448 5366 Georgicon.
1488 5296 1875 5366 enumeratque

314 5367 555 5421 Isidorus
585 5366 861 5437 Originum
892 5367 981 5421 lib.
1014 5385 1090 5429 Ill,
1119 5384 1239 5437 cap.
1262 5366 1323 5421 41
1362 5383 1376 5419 :
1412 5382 1528 5435 qua:
1553 5378 1728 5422 tamen
1752 5379 1874 5422 octo

315 5440 460 5505 leges
489 5438 627 5507 apud
650 5436 975 5507 Martianunt
1004 5436 1274 5505 Capellam
1307 5439 1401 5493 lib.
1434 5456 1545 5503 vni,
1572 5454 1624 5507 p.
1657 5439 1784 5493 296.
1872 5456 1873 5459 ‘

389 5507 465 5577 (l)
503 5504 680 5578 ⁸[ιλιίιιιὶ
703 5521 906 5578 om_nes._
933 5504 1471 5578 ldem’argumentum
1501 5504 1659 5576 vulgo
1682 5516 1875 5578 urgent

313 5575 490 5631 sancti
525 5575 728 5631 Patres.
757 5575 910 5640 Quod
941 5585 1117 5647 autem
1159 5576 1246 5629 hic
1275 5577 1472 5631 dicitur
1495 5575 1700 5631 nullum
1742 5575 1872 5647 gen-

315 5648 488 5719 tilium
528 5661 766 5719 unquam
794 5646 1259 5719 eircurttcisionent
1301 5657 1494 5702 octavo
1531 5649 1617 5702 die
1648 5646 1867 5719 passum

314 5716 502 5777 fuisse,
534 5714 805 5785 confutari
827 5730 984 5785 posse
1004 5714 1210 5769 videtur
1240 5730 1335 5783 per
1364 5714 1724 5772 narrationem
1747 5716 1870 5771 Phi-

315 5787 557 5847 tostorgii
597 5788 665 5843 de
715 5784 1002 5842 Ilomeritis
1044 5800 1106 5840 ea
1138 5786 1226 5842 die
1287 5787 1601 5844 circumcidi
1650 5788 1823 5844 solitis
1849 5827 1864 5855 ,

1978 4741 2150 4793 HOs'll'I
2179 4739 2429 4792 Auctoris
2456 4739 2621 4791 ritum
2646 4754 2803 4793 suum
2833 4744 3127 4798 mutavere,
3168 4736 3346 4789 edocti
3382 4751 3411 4788 a
3436 4736 3536 4789 Ju-

1978 4810 2109 4864 daais
2150 4809 2447 4878 inquilinis.
2483 4807 2691 4861 Etenim
2720 4808 2928 4862 Arabes
2957 4814 3111 4860 erant
3135 4824 3158 4878 ε
3181 4806 3539 4878 circumcide:-
3568 4820 3569 4823 ‘

1977 4879 2175 4934 bantur
2214 4874 2377 4947 porro
2420 4878 2627 4931 Arabes
2658 4892 2800 4931 anno
2833 4880 2919 4938 15,
2949 4885 3085 4930 teste
3124 4874 3353 4947 Origene
3394 4876 3535 4945 apud

1978 4946 2267 5030 Eusebium
2301 4948 2393 5000 Pr.
2437 4964 2619 5017 evang.
2651 4948 2743 5002 lib.
2777 4964 2852 5007 vr.
2884 4962 3002 5015 cap.
3038 4947 3124 5011 Il,
3243 4946 3368 5009 295,
3392 4957 3455 5027 _et
3481 4948 3535 5027 in

1978 5018 2285 5068 Plnlocaltae
2322 5033 2442 5068 can.
2465 5018 2554 5068 22.
2600 5033 2718 5068 nae.
2752 5018 2874 5068 565.
2920 5030 3128 5068 necnon
3204 5018 3443 5068 ustathto
3479 5033 3534 5068 ιη

1976 5018 2285 5072 Philocaliae
2322 5033 2442 5086 cap.
2465 5016 2577 5083 2‘2,
2600 5033 2718 5087 pag.
2752 5018 2874 5078 565,
2920 5030 3128 5070 necnon
3156 5016 3443 5087 Eustathio
3479 5016 3534 5070 in

1978 5089 2338 5141 Hexaemeron
2364 5089 2454 5143 ubi
2489 5088 2554 5141 de
2583 5086 2906 5141 Abrahamo.
2948 5086 3103 5140 Μετὰ
3140 5086 3257 5148 ἔτος
3288 5102 3538 5155 τριᾳκαι-

1973 5157 2215 5221 δέκατον,
2258 5167 2372 5225 post
2399 5159 2655 5211 decimum
2699 5159 2907 5210 tertium
2931 5173 3147 5217 annum,
3179 5156 3353 5223 inquit
3381 5154 3535 5209 Joseu

1974 5229 2115 5297 phus
2144 5229 2530 5297 Antiquitatum
2557 5228 2651 5281 lib.
2683 5242 2720 5289 ι,
2769 5242 2889 5295 cap.
2921 5228 3008 5289 15,
3041 5227 3183 5295 quod
3224 5226 3409 5297 eodem
3447 5241 3533 5280 re-

1975 5295 2125 5359 cidit,
2160 5308 2218 5351 ut
2253 5295 2464 5352 constat
2486 5314 2551 5351 ex
2576 5299 2818 5362 ejusdem
2852 5297 2972 5351 libri
3008 5311 3125 5366 cap.
3168 5297 3249 5359 II,
3279 5295 3385 5366 hoc
3419 5303 3529 5366 est,

1975 5382 2117 5439 anno
2153 5370 2216 5422 I5
2238 5369 2523 5439 completo.
2544 5367 2701 5439 Certe
2704 5367 3051 5439 :Ambrosius
3078 5364 3169 5421 lib.
3200 5382 3233 5439 ll
3261 5365 3336 5418 De
3359 5364 3532 5439 {Utra—

1971 5437 2145 5496 hamo.
2181 5454 2231 5492 c.
2267 5436 2557 5496 “(refert
2588 5438 2655 5491 ab
2680 5436 3322 5508 ASgyptiisrrircutncisos
3364 5436 3530 5490 fuisse

1970 5524 2167 5577 pueros
2194 5522 2391 5561 annum
2425 5516 2645 5576 agentes
2672 5506 3212 5577 quartumdecimum.
3250 5506 3429 5577 Atque
3463 5520 3523 5559 ea

1970 5573 2055 5633 his
2096 5586 2405 5645 suspectum
2432 5573 2600 5631 habeo
2624 5573 2795 5632 locum
2830 5576 3076 5644 Procopii
3104 5574 3276 5631 (ἱετωί
3302 5573 3366 5628 ail
3391 5573 3521 5628 Gen,

1968 5662 2009 5709 ι,
2063 5648 2372 5712 Μεοαανε
2422 5650 2561 5716 apud
2586 5647 2884 5701 lsmaelt'tas
2934 5648 3229 5699 sacerdotes
3277 5646 3366 5698 ubi
3415 5655 3528 5699 nalt

1967 5718 2163 5787 fuerint
2189 5734 2353 5771 annos
2374 5717 2567 5777 decem,
2594 5718 2989 5773 circumcisione
3009 5718 3326 5787 signantur?
3352 5730 3418 5770 ne
3451 5731 3525 5786 ιγ,

1968 5788 2186 5853 detrito,
2220 5805 2275 5856 γ,
2310 5788 2584 5844 transierit
2620 5790 2673 5843 in
2706 5808 2744 5844 ι.
