4036 6252
553 361 692 416 1413

1391 352 1448 408 S.
1488 351 1879 409 CLEMENTIS
1916 354 1935 409 l
1973 352 2139 409 “OM.
2182 352 2378 409 PONT.
2412 352 2637 408 OPERA
2673 352 2894 411 DUBIA.

3548 342 3551 347 λ
3630 367 3737 427 nn:

491 444 499 453 ﬁ
551 486 827 545 nunquam
862 470 1001 540 apud
1035 484 1131 525 eos
1166 468 1348 524 infans
1376 480 1539 522 natus
1565 466 1877 539 exponitur.
1905 468 2125 538 etquod
2153 479 2197 533 Α
2228 467 2434 524 cuisset
2464 467 2554 522 ille
2575 467 2670 537 qui
2701 466 2974 537 apparuit,
3018 465 3320 545 nuntiaret.
3378 467 3481 525 Sed
3508 487 3568 529 ne
3604 484 3733 537 multa

552 566 788 636 septimo
849 574 1068 630 quoque
1123 558 1212 612 die
1273 572 1463 613 omnes
1522 559 1834 628 ubicunque
1893 557 2116 619 fuerint,

551 658 721 713 otium
741 660 934 725 gerunt
953 666 1051 705 nec
1081 651 1185 705 iter
1206 648 1466 704 incedunt
1494 666 1595 703 nec
1626 650 1734 720 igni
1759 651 2122 722 utuntur(2)?

550 747 688 815 Quid
722 752 804 801 est
836 759 987 815 ergo,
1020 742 1162 813 quod
1204 743 1414 797 nullum
1455 740 1767 797 Iudaeorum
1810 744 1865 797 in
1897 743 1988 797 illa
2032 744 2122 799 die

548 827 696 910 cogit
738 838 954 908 genesis
992 844 1085 890 aut
1115 836 1220 891 iter
1251 851 1411 907 agere
1445 836 1546 907 (3),
1579 820 1674 890 aut
1696 836 1989 901 tedilicare,
2026 844 2121 891 aut

551 931 785 987 vendere
816 928 1042 1000 aliquid,
1065 935 1157 983 aut
1188 928 1408 985 emere?

619 1018 815 1077 XXIX.
845 1020 1101 1087 Quinimo
1142 1028 1199 1074 et
1258 1020 1521 1089 majorem
1557 1017 1715 1076 fidem
1764 1035 1948 1074 rerum
1982 1035 2119 1090 prte-

551 1114 786 1171 sentium
820 1113 981 1168 dabo.
1018 1112 1156 1167 Ecce
1186 1112 1331 1168 enim
1367 1129 1433 1169 ex
1474 1112 1708 1167 adventu
1738 1112 1874 1181 justi
1906 1120 1960 1167 et
2003 1112 2118 1173 veri

553 1204 838 1274 Propheta:
867 1203 1087 1257 vixdum
1121 1209 1330 1273 septem
1364 1202 1493 1257 anni
1526 1209 1676 1266 sunt,
1720 1203 1775 1257 in
1811 1203 2009 1273 quibus
2051 1219 2119 1258 ex

553 1295 808 1350 omnibus
825 1294 1076 1365 gentibus
1094 1294 1481 1349 convenientes
1498 1294 1746 1350 homines
1769 1294 1835 1349 ad
1854 1294 2116 1359 Iudaeam,

548 1394 605 1440 et
635 1385 806 1455 signis
837 1400 901 1440 ac
932 1384 1228 1441 virtutibus
1252 1399 1375 1455 quae
1405 1384 1676 1451 viderant,
1711 1385 1806 1441 sed
1836 1393 1889 1441 et
1913 1385 2119 1440 doctri-

552 1494 635 1533 na:
664 1477 951 1547 majestate
989 1476 1245 1548 permoti,
1273 1475 1365 1531 ubi
1401 1485 1726 1547 receperunt
1768 1476 1926 1532 fidem
1971 1477 2114 1547 ejus,

552 1568 814 1623 abeuntes
859 1567 928 1622 ad
960 1567 1210 1637 regiones
1243 1581 1375 1621 suas
1405 1565 1631 1623 illicitos
1655 1582 1903 1638 quosque
1940 1568 2119 1639 genti-

549 1657 681 1711 lium
725 1657 866 1711 ritus
892 1665 943 1711 et
965 1657 1173 1711 incesta
1224 1670 1483 1725 sprevere
1536 1655 1812 1726 conjugia.
1872 1655 2118 1726 Denique

549 1745 695 1818 apud
726 1745 981 1810 Parthos,
1026 1746 1170 1801 sicut
1202 1745 1362 1800 nobis
1393 1742 1656 1810 Thomas,
1695 1746 1787 1816 qui
1820 1746 1963 1817 apud
1994 1747 2116 1804 illos

2223 572 2547 614 enumerare
2603 557 2908 620 videamur,
2961 557 3140 613 dicam
3173 539 3287 630 qui;
3311 559 3534 618 debeant
3578 582 3736 629 cuncta

2221 649 2472 704 concludi
2505 668 2518 704 :
2549 648 2688 704 Cum
2740 648 2883 705 Deus
2928 650 3111 720 justus
3136 652 3208 707 sit
3232 658 3288 707 et
3324 653 3438 723 ipse
3467 654 3635 715 iecerit
3659 663 3726 718 ho-

2220 741 2450 795 minum.
2478 748 2755 803 naturam,
2807 741 3081 811 quomodo
3120 750 3331 812 poterat
3381 743 3511 808 fieri,
3550 756 3601 802 ut
3645 751 3736 823 ipse

2224 836 2449 899 poneret
2488 830 2729 901 genesim
2762 831 3096 885 contrariam
3143 833 3323 895 nobis,
3350 849 3469 903 qua:
3503 853 3592 893 nos
3610 855 3737 911 coge.

2221 929 2306 976 ret
2343 922 2409 976 ad
2456 931 2743 993 peccatu-tn
2774 930 2828 978 et
2857 937 3052 978 rursus
3094 924 3459 979 ulcisceretur
3500 926 3603 997 ipse
3638 948 3740 1001 pec.

2221 1012 2455 1067 cantes?
2483 1010 2636 1067 Unde
2664 1020 2872 1069 certum
2912 1021 3017 1078 est,
3055 1015 3201 1085 quod
3232 1032 3341 1070 non
3374 1017 3526 1071 aliain
3553 1021 3613 1075 ob
3630 1037 3730 1077 cauo

2220 1119 2336 1158 sam
2390 1103 2533 1158 Deus
2588 1105 2704 1160 sive
2748 1106 2804 1159 in
2857 1105 3112 1175 presenti
3144 1107 3261 1162 sive
3293 1105 3347 1161 in
3380 1107 3556 1165 futuro
3581 1115 3741 1169 saeculo

2221 1202 2566 1264 peccatorem
2597 1196 2777 1265 punit,
2816 1196 2924 1252 nisi
2953 1197 3083 1267 quia
3118 1199 3223 1254 scit
3250 1214 3374 1254 eum
3406 1203 3625 1271 potuisse
3647 1207 3742 1263 vin-

2219 1300 2366 1350 cere,
2424 1286 2521 1342 sed
2560 1288 2870 1357 neglexisse
2918 1290 3246 1358 victoriam;
3279 1290 3443 1347 infert
3473 1296 3603 1349 enim
3629 1300 3740 1354 etin

2219 1379 2471 1448 praesenti
2495 1381 2694 1435 saeculo
2722 1382 3016 1437 vindictam
3045 1382 3103 1436 in
3133 1383 3402 1449 homines,
3435 1386 3568 1440 sicut
3586 1388 3633 1443 in
3662 1405 3737 1445 eos

2219 1470 2348 1527 fecit
2375 1471 2466 1540 qui
2512 1471 2719 1528 diluvio
2761 1473 3066 1543 perierunt,
3099 1474 3193 1545 qui
3228 1475 3417 1546 utique
3439 1492 3614 1534 omnes
3653 1496 3741 1535 una

2217 1560 2331 1625 die,
2358 1562 2468 1617 imo
2507 1576 2618 1617 una
2676 1563 2810 1618 hora
2845 1564 3102 1619 exstincti
3146 1570 3296 1628 sunt,
3327 1580 3452 1620 cum
3486 1576 3667 1622 certum
3691 1571 3742 1625 sit

2218 1668 2328 1708 non
2352 1668 2448 1709 eos
2477 1669 2600 1709 esse
2638 1653 2945 1710 secundum
2977 1656 3196 1728 genesis
3233 1656 3482 1712 ordinem
3515 1674 3609 1713 una
3635 1656 3742 1714 hora

2218 1750 2397 1799 natos.
2429 1740 2899 1799 Absurdissimum
2935 1753 3021 1801 est
3065 1757 3243 1801 autem
3287 1746 3490 1814 dicere,
3532 1749 3646 1818 quia
3691 1766 3744 1805 ex

554 1814 902 1910 Evvangelium
932 1838 1214 1908 praedicat,
1247 1838 1469 1908 scripsit
1500 1837 1598 1909 (ι),
1644 1814 1752 1895 non
1799 1814 1955 1895 multi
2002 1840 2115 1911 jam
2146 1814 2189 1870 Β
2218 1841 2414 1889 natura
2454 1833 2615 1889 nobis
2655 1835 2868 1891 accidat
2912 1835 3026 1906 pati
3056 1837 3218 1902 mala,
3252 1836 3297 1892 si
3327 1852 3439 1892 non
3469 1814 3610 1909 prius
3635 1854 3740 1911 pec-

549 1945 678 2002 erga
725 1930 959 2000 plurima
992 1928 1343 1983 matrimonia
1371 1926 1775 1995 dill‘unduntur,
1814 1946 1919 1987 nec
1962 1932 2117 1985 multi

552 2021 694 2091 apud
732 2020 915 2076 Medos
942 2021 1173 2076 canibus
1194 2022 1459 2091 objiciunt
1482 2029 1731 2077 mortuos
1760 2036 1909 2089 suos,
1942 2038 2119 2093 neque

548 2111 731 2166 Persae
774 2118 1010 2164 matrum
1046 2110 1316 2182 conjugiis
1363 2118 1458 2165 aut
1494 2111 1726 2165 filiarum
1756 2111 1979 2166 incestis
2003 2125 2118 2164 ma-

546 2200 820 2256 trimoniis
861 2199 1225 2265 delectantur,
1262 2215 1364 2254 nec
1392 2199 1651 2253 mulieres
1687 2196 1915 2254 Susides
1965 2198 2115 2253 licita

544 2290 756 2344 ducunt
802 2291 1107 2358 adulteria;
1140 2307 1240 2346 nec
1285 2276 1464 2362 p'otuit
1515 2289 1583 2343 ad
1632 2289 1864 2344 crimina
1899 2290 2115 2359 genesis

545 2382 891 2453 compellere,
917 2399 1055 2454 quos
1087 2382 1365 2453 religionis
1388 2380 1637 2437 doctrina
1662 2380 2007 2451 prohibebat.

619 2550 785 2627 XXX.
824 2553 871 2585 ⁷³
896 2551 1036 2608 Ecce
1069 2568 1134 2609 ex
1182 2553 1288 2608 hoc
1335 2553 1455 2624 ipso
1480 2552 1805 2622 conjice,.et
1836 2551 1905 2609 de
1930 2552 2018 2609 bis
2057 2552 2114 2607 in

545 2644 747 2713 quibus
777 2659 966 2698 sumus
1024 2643 1183 2709 locis,
1234 2644 1609 2713 conjecturam
1645 2660 1798 2715 cape,
1849 2643 2119 2714 quomodo

548 2736 689 2790 fama
726 2742 933 2788 tantum
971 2734 1278 2805 perferente
1330 2735 1396 2790 ad
1456 2752 1616 2791 aures
1641 2736 1942 2800 hominum,
1973 2734 2118 2805 quod

545 2824 816 2897 Propheta
844 2827 899 2883 in
914 2826 1101 2883 Iudaea
1124 2828 1402 2899 apparuit,
1434 2830 1528 2899 qui
1556 2829 1730 2900 signis
1744 2836 1797 2884 et
1820 2828 2118 2884 virtutibus

545 2918 768 2974 doceret
803 2919 1051 2976 homines
1082 2936 1249 2975 unum
1286 2921 1467 2975 colere
1517 2920 1707 2986 Deum,
1732 2937 1922 2977 omnes
1952 2936 2117 2990 para-

544 3006 615 3060 tis
640 3007 974 3078 intentisque
995 3011 1193 3065 animis
1219 3011 1633 3079 exspectabant,
1678 3011 1840 3065 etiam
1876 3020 2002 3066 ante
2031 3011 2121 3066 ad-

545 3104 765 3150 ventum
813 3097 1019 3151 domini
1052 3103 1156 3154 mei
1184 3097 1356 3163 Petri,
1384 3105 1442 3151 ut
1494 3099 1600 3153 sibi
1639 3099 1838 3170 aliquis
1865 3114 1986 3168 quae
2014 3100 2117 3154 do—

2218 1925 2340 1973 cata
2374 1921 2773 1990 praecesserint.

2289 2008 2479 2065 XXXI.
2526 2010 2589 2064 Et
2622 2010 2743 2067 ideo
2790 2013 2837 2068 si
2890 2013 3087 2071 salutis
3141 2028 3332 2071 curam
3367 2018 3616 2088 gerimus,
3645 2029 3747 2077 ante

2218 2103 2401 2158 omnia
2438 2104 2681 2159 scientiae
2732 2104 2995 2162 debemus
3025 2121 3247 2177 operam
3278 2106 3439 2175 dare,
3471 2112 3595 2166 certi
3628 2113 3747 2181 quod

2218 2192 2265 2246 si
2295 2206 2450 2246 mens
2478 2201 2666 2245 nostra
2703 2191 2758 2246 in
2781 2192 3089 2263 ignorantia
3114 2202 3450 2264 perseveret,
3477 2210 3579 2250 non
3607 2198 3749 2252 solum

2216 2281 2435 2353 genesis
2486 2283 2647 2343 mala,
2682 2282 2777 2337 sed
2834 2291 2889 2338 et
2934 2284 3039 2337 alia
3070 2285 3424 2340 extrinsecus
3454 2302 3753 2357 quaecunque

2216 2373 2555 2427 daemonibus
2603 2374 2722 2429 visa
2775 2372 2979 2428 fuerint
3035 2373 3403 2445 perferemus,
3459 2378 3558 2433 nisi
3603 2386 3751 2432 metus

2218 2463 2395 2535 legum
2427 2472 2481 2519 et
2513 2464 2682 2519 futuri
2711 2464 2906 2533 judicii
2930 2465 3167 2519 obsistat
3197 2466 3461 2522 omnibus
3481 2466 3751 2530 desideriis,

2216 2567 2270 2611 et
2299 2556 2558 2627 impetum
2600 2557 2865 2627 peccandi
2914 2557 3172 2613 refrenet.
3226 2556 3361 2612 Nam
3419 2567 3473 2614 et
3522 2559 3753 2614 humanus

2216 2647 2380 2699 timor
2411 2648 2580 2701 multa
2611 2648 2773 2712 bona,
2809 2648 2980 2702 multa
3016 2649 3179 2703 etiam
3220 2650 3363 2703 mala
3399 2652 3527 2721 agit,
3554 2667 3661 2720 quae
3687 2665 3757 2721 ge-

2216 2738 2365 2793 nesis
2394 2740 2589 2802 nescit,
2621 2740 2764 2794 sicut
2798 2756 2965 2812 supra
2997 2741 3364 2798 ostendimus.
3414 2740 3629 2813 'l‘riplici
3674 2740 3755 2811 igi-

2217 2837 2308 2883 tur
2340 2828 2503 2885 modo
2554 2846 2711 2888 mens
2742 2841 2931 2887 nostra
2962 2832 3243 2888 erroribus
3270 2833 3527 2902 subjacet
3558 2851 3571 2887 :
3601 2849 3659 2889 ex
3683 2832 3756 2886 his

2217 2934 2338 2990 quae
2362 2936 2460 2991 per
2479 2923 2676 2977 malam
2717 2924 3173 2979 consuetudinem
3211 2925 3467 2987 veniunt.
3498 2925 3578 2979 vel
3605 2940 3661 2979 ex
3684 2923 3753 2976 his

2215 3027 2337 3082 quae
2390 3028 2590 3083 corpus
2642 3017 2962 3070 naturaliter
2992 3017 3229 3086 suggerit
3266 3015 3582 3077 desideriis,
3608 3014 3684 3069 vei
3706 3028 3761 3067 ex

2218 3101 2305 3157 his
2353 3118 2475 3174 qua:
2523 3108 2813 3162 contrariae
2866 3114 3168 3178 potestates
3204 3116 3542 3179 perurgent;
3572 3106 3659 3163 sed
3688 3104 3758 3159 his

620 3265 666 3297 ⁷³
704 3269 899 3324 Ecce...
921 3284 1225 3321 enumerare
1258 3266 1526 3322 videamur
1553 3268 1748 3324 desunt
1779 3269 1833 3323 in
1866 3278 2095 3341 utroque
2128 3271 2289 3329 codd.
2322 3271 2501 3344 Lipss.

1867 3423 2234 3483 COTELERII
2270 3425 2498 3483 NOTJE.

736 3578 845 3634 Nec
876 3581 984 3651 igni
1008 3590 1245 3654 utuntur.
1268 3581 1495 3654 Propter
1519 3584 1688 3654 legem
1716 3583 1809 3639 Dei
1830 3582 2107 3650 Ex.xxxv,
2137 3592 2180 3650 c
2213 3583 2476 3654 discimus
2506 3600 2570 3640 ex
2601 3599 2810 3642 canone
2836 3587 2906 3641 28
2936 3589 3154 3643 concilii
3194 3588 3610 3645 Aurelianensis
3637 3604 3689 3642 ιιι
3724 3594 3765 3639 et

618 3580 701 3703 (ἲ
736 3580 845 3634 Nec
876 3581 984 3651 igni
1008 3590 1245 3635 utuntur.
1268 3581 1495 3654 Propter
1519 3584 1688 3654 legem
1716 3583 1809 3639 Dei
1830 3582 2107 3650 Ex.xxxv,

542 3650 611 3703 δε
698 3668 772 3703 οη
801 3653 1119 3721 succendetis
1143 3652 1310 3721 ignem
1339 3655 1393 3706 in
1417 3655 1655 3708 omnibus
1680 3655 1996 3710 habitaculis
2030 3672 2115 3709 ve-

544 3721 791 3795 strisper
820 3720 1230 3795 diemSabbati.
1267 3722 1400 3795 Quo
1426 3724 1629 3778 factum
1677 3726 1947 3795 suspicari
1992 3726 2116 3795 quis

547 3742 672 3775 δΙΙἸδ
701 3742 791 3787 per
820 3742 958 3774 αισιη
988 3742 1230 3777 σαυυαιι.
1267 3742 1386 3788 QUO
1426 3742 1629 3778 laetum
1677 3742 1771 3780 sus
1812 3742 1947 3780 lcart
1992 3742 2115 3795 (ιυιε

547 3792 740 3912 possit.
778 3800 835 3844 ut
866 3790 1103 3873 Rutilius
1130 3791 1401 3847 Itinerarii
1424 3795 1527 3875 ιιι).
1558 3810 1596 3857 ι,
1627 3810 1681 3850 ν.
1705 3742 1830 3861 588,
1878 3794 2115 3850 Sabbata

587 3859 860 3912 udaeorum
895 3861 1089 3912 friaida
1116 3863 1493 3912 annellaverit:

587 3859 860 3915 udteorum
893 3861 1089 3931 frigida
1116 3863 1493 3933 appellaverit:

896 3977 995 4032 Cui
1029 3978 1267 4033 Sabbata
1297 3978 1494 4051 frigida
1525 3979 1691 4034 cordi.

544 4089 720 4160 Atque
767 4088 892 4144 hinc
936 4090 1097 4143 etiam
1152 4090 1289 4161 forte
1336 4092 1599 4161 originem
1627 4090 2114 4161 sumpsitcelehris

548 4158 877 4231 paganorum
908 4161 1092 4230 opinio
1129 4161 1196 4215 de
1227 4158 1516 4214 Sabbatico
1544 4158 2111 4230 jejunio'Judteorum.

545 4229 742 4317 Facilef
771 4231 913 4283 enim
938 4229 1066 4309 Jsibi
1095 4231 1510 4317 .persuadebant
1561 4229 1654 4285 eus
1675 4231 1944 4298 jejunare,
1969 4233 2113 4303 apud

440 4302 455 4309 ί
547 4317 686 4371 quos
720 4299 896 4371 locum
936 4300 1058 4369 igne
1084 4300 1356 4371 lucentem
1385 4316 1609 4355 cernere
1638 4317 1744 4356 non
1772 4308 1911 4371 erat.

617 4371 692 4440 (ὃ)
737 4368 845 4422 lter
868 4368 1036 4439 agere.
1067 4369 1317 4424 Arbitror
1353 4372 1613 4440 scriptum
1639 4372 1807 4426 fuisse
1841 4370 1894 4423 in
1925 4369 2113 4427 Graeco

543 4458 607 4494 ex
641 4440 945 4493 Bardesane
972 4440 1292 4501 καταλῦσαι,
1325 4440 1467 4509 quod
1510 4456 1788 4510 perperam
1822 4441 1961 4508 apud
1985 4441 2102 4510 Eu-

543 4512 752 4566 sebium
805 4524 897 4577 per
942 4510 1163 4564 verbum
1215 4510 1457 4564 demoliri
1499 4509 1938 4577 interpretantur.
1977 4509 2110 4566 Rem

543 4582 710 4634 Vul'lto
741 4579 1094 4652 signiﬁcatam
1128 4582 1467 4634 illustrarunt
1491 4582 1670 4652 multi,
1705 4584 2111 4652 praesertimque

543 4665 715 4705 sat-ra:
746 4648 1042 4718 Scriptura:
1071 4652 1394 4719 interpretes
1435 4651 1500 4703 ad
1530 4651 1649 4704 Act.
1688 4648 1725 4717 ιζ
1762 4650 1847 4707 12.
1881 4651 1983 4704 Sed
2017 4648 2111 4705 ne-

545 4720 660 4773 scio
684 4734 806 4790 ana
831 4735 1103 4790 quoquam
1127 4735 1362 4790 expensa
1391 4722 1589 4774 luerim.
1606 4723 1712 4790 ista
1738 4719 1917 4774 Suida:
1940 4740 1952 4774 :
1973 4720 2110 4773 Σαϐ-

543 4790 704 4862 ϐἀτοιι
738 4789 1012 4862 ἔχων-ὁδόν
1029 4805 1042 4818 ⁸
1067 4787 1346 4862 Δισχὶλίων
1364 4792 1579 4862 πήχεων
1602 4787 1689 4862 ἧν.
1717 4791 1977 4862 Τοσοῦτον
2003 4791 2109 4862 γὰρ

543 4809 704 4842 oet-ron
738 4809 875 4857 εχων
899 4809 1012 4841 οοον
1029 4809 1042 4818 ·
1067 4809 1346 4859 ΔισχιΛιων
1364 4809 1579 4912 πηέεων
1602 4809 1689 4879 ην.
1727 4809 1977 4844 ιοσουτον
2003 4809 2103 4862 γαρ

542 4858 831 4933 quidm-rb;
871 4859 1142 4933 διᾲστημα
1185 4860 1432 4933 προελάμ
1470 4879 1564 4933 ave
1594 4879 1692 4932 την
1724 4860 2103 4933 παρεμϐολήν.

2217 3653 2484 3710 Vernensi
2512 3671 2622 3709 xlv.

2286 3726 2362 3796 (4)
2402 3725 2631 3796 Denique
2678 3727 2816 3793 apud
2860 3725 3121 3792 Parthos;
3176 3730 3311 3784 sicut
3362 3730 3519 3784 nobis
3568 3728 3763 3783 Thomas

2172 3854 2175 3859 η
2214 3788 2303 3864 qui
2345 3788 2486 3868 apud
2522 3788 2647 3868 illos
2681 3788 3015 3868 Evangelia»:
3049 3788 3327 3866 prwdicat,
3365 3801 3600 3868 scripsit.
3631 3797 3764 3851 Anti-

2214 3881 2319 3934 qua
2350 3865 2572 3919 traditio
2618 3876 2701 3921 est
2745 3865 2883 3935 apud
2918 3865 3205 3922 Eusebium
3241 3869 3393 3925 Hist.
3426 3865 3554 3924 eccl.
3586 3870 3672 3923 lib.
3697 3879 3762 3925 ιιι,

2214 3950 2335 4004 cap.
2362 3937 2414 3998 l,
2446 3943 2499 3989 et
2542 3938 2727 4004 opinio
2766 3940 3093 4000 communis,
3126 3938 3353 3994 'l‘boma:
3397 3939 3691 3999 Parthiam,
3717 3938 3763 3988 in

2213 4021 2319 4127 qua
2363 4006 2567 4087 Christi
2616 4008 2771 4060 lidem
2815 4010 3164 4062 annnntiaret
3190 4049 3204 4070 ,
3248 4012 3461 4063 sortito
3511 4008 3763 4083 obtigisse.

2261 4075 2433 4127 ddunt
2475 4077 2564 4127 alu
2612 4077 2682 4127 ab
2726 4078 2914 4127 eodem
2941 4081 3188 4127 apostolo
3216 4078 3574 4127 Evangelinm
3604 4075 3763 4127 mde-

2261 4075 2433 4129 ddunt
2472 4076 2564 4150 alii
2604 4077 2914 4150 _ab__eot_l_eni
2941 4081 3188 4150 apostolo
3215 4074 3764 4150 Evangeliunrpratdi-

2213 4146 2572 4219 catmnetiam
2604 4145 2770 4219 Indis,
2799 4145 2990 4219 Medis,
3021 4145 3766 4219 Persis,llyréanisﬁﬁtrig,

2213 4214 2404 4290 plagis.
2434 4214 2837 4290 Gevmanisseu
2874 4218 3053 4286 potius
3080 4214 3374 4290 carm-anis
3433 4228 3492 4275 et
3527 4215 3769 4290 Ethiqu

2212 4285 2336 4345 bus.
2368 4301 2577 4341 necnon
2603 4287 2795 4339 incolis
2826 4285 3079 4343 estremaa
3105 4288 3351 4343 lli-ientzs
3384 4306 3501 4344 ora:
3531 4305 3593 4342 ac
3615 4285 3764 4338 ultimi

2211 4357 2404 4429 chani
2437 4355 3135 4429 insulaequeTaprobanes.
3167 4357 3271 4411 Sed
3300 4362 3493 4415 notari
3526 4357 3771 4429 praecipue

2212 4424 2371 4480 debet
2401 4441 2591 4480 versus
2620 4424 2678 4481 S.
2709 4424 2943 4490 Paulini,
2967 4425 3143 4481 Natali
3171 4444 3222 4481 xi
3251 4448 3263 4481 :

2281 4538 2504 4594 Parthia
2519 4538 2574 4592 Μ
2580 4540 2831 4594 atthwum
2848 4543 3228 4610 complectitur,
3250 4541 3425 4597 India
3446 4543 3717 4601 Thomam,

2244 4653 2335 4727 uia
2371 4651 2597 4727 Thomae
2634 4652 2840 4727 Indiam
2872 4654 3218 4727 peculiariter
3242 4655 3548 4727 assignant
3578 4662 3769 4724 quoque

2259 4727 2500 4794 regorius
2533 4723 2932 4794 Nazianzenus
2980 4726 3226 4779 oratione
3274 4723 3395 4794 25,‘
3430 4723 3773 4794 Hieronymus

2207 4795 2435 4864 epistola
2486 4793 2608 4854 148.
2657 4793 3046 4864 Metapbrastes
3086 4803 3140 4848 et
3191 4793 3437 4863 Abdias;
3482 4793 3770 4849 Mattlizeum

2209 4861 2336 4917 vero
2380 4861 2825 4935 Parthoshetiam
2873 4864 3257 4935 praedicatione
3306 4861 3429 4921 sua
3481 4866 3771 4921 illustrasse

542 4925 649 4982 Καὶ
669 4929 776 4982 ἀπὸ
799 4925 1436 4999 τοσούτονδιαστῆματός
1461 4925 1670 4983 ἐκίνουν
1694 4925 1773 4993 οἷς
1802 4925 1927 4997 ἒξδν
1950 4925 2109 5003 πρὸσο

542 5002 721 5052 κυνεῖν
759 4998 857 5067 τὴν
899 4998 1101 5067 σκηνὴν
1147 5000 1203 5051 ὲν
1254 4998 1512 5067 Σαϐϐάτῳ
1555 5000 1807 5067 βαδίζειν.
1856 4950 1986 5067 aut}:
2024 5002 2105 5055 vi-

2214 4933 2485 4987 memoriae
2531 4933 2786 4988 traditum
2832 4925 2935 4990 est.
2962 4932 3261 4988 Observatu
3316 4951 3555 5005 quoque
3599 4936 3774 5004 dignus

2214 5011 2292 5057 est
2324 5004 2475 5057 locus
2517 5001 2810 5067 Hippolyti.
2855 5004 3035 5058 libello
3081 5002 3152 5057 De
3194 5004 3491 5059 duodecim
3542 5000 3774 5067 apostolis

541 5002 721 5052 κυνεῖν
759 4998 857 5068 τὴν
882 4998 1101 5070 ᾉᾳκηνὴν
1143 5000 1203 5070 γὲν
1254 4998 1512 5070 Σαϐϐάτῳ
1555 5000 1807 5070 βαδίζειν.

540 5070 738 5137 dentur
782 5056 843 5121 ex
869 5056 1279 5137 _Tlie'(i|)'ltyl:icto
1319 5078 1373 5137 et
1419 5056 1749 5126 (Ecdmenio
1793 5056 1899 5137 n05
1944 5080 2103 5137 pacto

538 5135 916 5207 concinnanda
957 5154 971 5191 :
1016 5135 1293 5207 Ea66dtoy
1339 5136 1483 5207 ἔχων.
1515 5138 1617 5198 (sic
1662 5153 1764 5192 ms.
1810 5135 2113 5207 RengﬁO)

537 5203 687 5278 ὀδόνί
712 5204 981 5278 ᾆισχιλίων
1010 5207 1227 5275 πήχεων
1368 5202 1639 5278 ’Τοσοῦτον
1664 5207 1777 5278 γὰρ
1816 5202 2112 5278 ἠῄκιϐωτδξ

537 5274 917 5348 προελάμϐανε
944 5277 1041 5347 τὴν
1070 5274 1416 5348 παρεμϐολὴν
1445 5277 1537 5331 καὶ
1578 5274 1689 5330 ἀπὸ
1716 5274 1967 5348 τοσοῦτοι)
1998 5277 2108 5330 δια.-

536 5346 812 5419 ςτήᾼμίᾳτος
829 5346 1163 5419 ἐσκήνουνίῇ
1186 5346 1333 5414 ἐξῆν,
1357 5346 1681 5419 ⁶ᾑξροςικιινεῖν
1697 5349 1793 5419 τὴν
1811 5347 2030 5417 σκηνὴν,
2051 5348 2111 5401 ὲν

539 5414 799 5483 Σαϐϐάτῳ
824 5412 1075 5484 βαδίζειν,
1096 5411 1209 5468 Hoc
1227 5411 1310 5470 est
1327 5434 1339 5466 :
1359 5411 1577 5471 sabbati
1600 5420 1732 5471 viam
1752 5411 1992 5474 'haberts'.
2020 5422 2103 5474 via

537 5495 651 5537 erat
697 5485 773 5536 bis
811 5484 952 5537 mille
974 5484 1288 5540 cubitorum.
1310 5484 1476 5540 Tanto
1518 5490 1653 5541 enim
1678 5490 1954 5544 intervallo
1976 5508 2105 5544 arca

537 5554 1095 5630 castraprcecedebat;
1122 5565 1169 5630 et
1195 5572 1227 5608 a
1255 5566 1400 5630 tanta
1417 5560 1586 5630 spatio
1605 5562 1826 5630 tentoria
1842 5561 2102 5630 ﬁgebant:

539 5623 671 5740 zuod
714 5623 917 5689 licebat,
951 5625 1017 5677 ad
1067 5625 1394 5679 adoranda»:
1436 5623 1852 5691 tabernaculum,
1882 5623 1934 5683 in
1967 5629 2103 5685 Sab-

574 5702 660 5740 ato
694 5691 852 5740 obire-
883 5694 1314 5740 Consuetudines
1359 5704 1538 5740 alitem
1580 5700 1703 5740 lmin
1737 5708 1787 5740 nl
1832 5700 2098 5740 minarian

574 5691 852 5768 ato_ob_i_re.
883 5694 1314 5768 Consuetudines
1359 5704 1539 5768 autem
1579 5700 1703 5753 huic
1737 5708 1792 5754 et
1832 5700 2099 5768 superiori

540 5763 852 5816 consimiles
905 5763 1193 5831 irrepsisse
1240 5765 1531 5835 aliqu:.ttd0
1556 5768 1695 5824 inter
1734 5763 2096 5837 Christianos,

1906 5000 2105 5056 uae‘vi-
2138 5000 2177 5011 ”
2208 5011 2292 5057 est
2324 5004 2475 5074 locus
2517 5001 2825 5074 Hippolyti,
2855 5004 3035 5058 libello
3067 5002 3152 5074 De
3194 5000 3491 5059 duodecim
3542 5000 3786 5074 apo{tolis

2207 5080 2367 5145 prout
2385 5073 2531 5145 jacet
2581 5070 2636 5127 in
2683 5070 2959 5145 Ins.Regio
2990 5072 3124 5145 1789
3152 5093 3168 5145 f
3202 5075 3420 5144 Θωμᾶς
3446 5076 3508 5129 δὲ
3537 5070 3774 5145 Πάρθοις.

2205 5138 2426 5217 Μήδοις,
2461 5144 2717 5217 Πέρσαιςν
2761 5138 3060 5217 ’Υρξᾳνοῖςθ
3083 5138 3669 5217 ,ΒέξκτροίςςΜάργφές
3709 5138 3774 5207 ('-

2205 5213 2615 5287 lildyo:;_etiatri
2666 5230 2733 5269 ex
2778 5213 3041 5287 codlieg.
3075 5213 3249 5287 i026}
3296 5213 3581 5287 κηρύξοξῆ
3610 5214 3773 5287 ἐλαχε-

2205 5278 2373 5355 δάσθη
2405 5284 2445 5355 _(
2468 5285 2519 5336 in
2552 5300 2717 5355 marg.
2759 5284 2945 5339 eadem
2984 5278 3146 5337 manu
3172 5278 3551 5355 ἐλογχιᾶσθή)
3572 5278 3679 5347 τοῖς
3699 5278 3776 5355 ςέο

2206 5318 2373 5355 υψυυιι
2427 5318 2444 5353 \
2468 5318 2519 5336 III
2552 5318 2717 5355 1111116.
2759 5318 2944 5339 ῡιιυιιυ
2984 5318 3146 5337 ιυαιιιι
3172 5318 3500 5355 ςηυχλιιιυυι
3526 5318 3542 5351 1
3572 5318 3676 5347 ἰυιν
3712 5318 3753 5332 ⁵⁸

2206 5370 2363 5425 τρασι
2395 5352 2526 5426 (pro
2542 5354 2813 5426 τέτταρσι)
2848 5355 3069 5426 μέρεσιν
3102 5353 3288 5418 αὐτοῦ,
3322 5358 3387 5408 ὲν
3422 5318 3582 5409 πόλει
3616 5352 3777 5408 Καλα-

2206 5423 2349 5495 μήνῃ
2376 5425 2472 5494 τῆς
2513 5423 2757 5495 Ἰνδικῆς,
2787 5423 2879 5477 καὶ
2908 5423 3170 5479 θάπτεται
3199 5426 3337 5479 ἐκεῖ.
3365 5426 3509 5482 Inde
3528 5426 3777 5495 enimap-

2203 5505 2355 5562 paret
2392 5509 2489 5547 cur
2511 5494 2566 5548 in
2593 5494 2701 5548 alio
2726 5496 2910 5549 codice
2943 5503 2995 5546 ul
3019 5495 3072 5546 in
3099 5495 3345 5549 editione
3382 5494 3773 5562 Combelisiana

2204 5559 2542 5628 inhibeatur,
2590 5564 2823 5679 ὲλακήδγὶ
2861 5562 3201 5647 ὲλργχιάσθη.
3246 5563 3515 5650 Scilicet,
3560 5559 3774 5679 élaxfﬁa

2205 5641 2518 5679 corrnnlnm
2562 5650 2622 5679 ex
2668 5635 2799 5679 ὲλακ
2821 5636 2869 5679 δι
2913 5652 2965 5679 ιιι
3014 5643 3211 5679 lex-tum
3256 5648 3523 5679 ll‘l‘pncﬂ,
3551 5632 3687 5679 ηιιιιιΙ
3718 5646 3742 5679 a

2205 5641 2630 5707 corru_ptum_ex
2668 5632 2869 5688 ὲλσὶκίδι
2913 5632 3211 5707 in‘textuiu
3256 5635 3528 5707 irrepsit,
3551 5632 3742 5707 quod}:

2206 5701 2501 5775 marginem
2519 5703 2838 5775 designabat
2858 5707 3063 5775 variam
3088 5701 3771 5768 lectionem—ﬂammam-

2208 5769 2487 5844 Signiﬁcat
2511 5769 2689 5830 autem
2714 5773 3357 5848 ὲλακιδιάσθη,ιαεεταιιιε
3388 5790 3495 5833 est.
