4036 6252
356 371 492 427 ΗΠ

1542 362 2102 419 liECOGNlTlONUM
2154 360 2284 417 LIB.
2324 360 2412 419 lX.

3431 366 3572 422 N18

352 487 587 560 singulis
613 485 878 541 obsistere
912 494 966 540 et
996 495 1299 553 repugnare
1320 480 1485 534 habet
1513 478 1567 532 in
1601 486 1798 532 natura
1828 493 1926 533 sua
1955 512 1999 569 Α
2029 476 2129 531 tibi
2168 475 2330 531 hodie
2377 475 2666 546 conjugem
2709 482 2858 531 tuam
2909 493 3029 534 cum
3077 478 3255 536 tribus
3303 482 3502 537 vestris
3530 482 3597 537 li-
3640 500 3646 508 ·

355 597 535 643 mens,
562 594 685 633 cum
707 578 755 633 ei
777 575 1067 631 obfulserit
1094 572 1343 628 veritatis
1372 570 1600 641 agnitio,
1631 584 1729 639 per
1761 584 1924 639 quam

356 672 638 729 scientiam
675 671 837 723 timor
870 666 1037 722 futuri
1057 666 1246 736 judicii
1277 665 1460 726 datur,
1491 662 1582 732 qui
1606 662 1676 716 sil
1698 663 1925 716 idoneus

354 765 550 820 animae
580 763 907 833 gubernator
935 767 990 812 et
1018 762 1111 828 qui
1170 773 1288 811 eam
1332 756 1506 827 possit
1562 772 1592 809 a
1641 753 1929 822 concupis-

354 857 654 912 centiarum
686 850 999 923 praecipitiis
1031 865 1309 904 revocare.
1341 847 1479 915 Quia
1513 862 1642 917 ergo
1673 848 1784 902 sint
1809 847 1925 899 haec

354 952 410 1006 in
440 958 627 1004 nostra
656 953 944 1019 potestate,
977 944 1309 1001 sufficienter
1333 942 1538 996 dictum
1570 949 1671 996 est.

420 1040 637 1097 XXX“.
676 1039 835 1094 Nunc
871 1048 923 1094 et
961 1046 1019 1093 tu
1059 1053 1224 1092 senex
1250 1076 1264 1101 ,
1308 1037 1352 1089 si
1391 1034 1520 1105 quid
1557 1033 1729 1086 habes
1775 1031 1923 1101 quod

356 1138 423 1192 ad
464 1137 578 1191 haec
623 1132 990 1204 respondeas,
1036 1131 1237 1200 incipe.
1282 1127 1461 1183 Senex
1501 1126 1569 1180 ad
1604 1126 1762 1180 bzec:
1802 1123 1927 1178 Ple-

351 1228 608 1291 nissime,
635 1227 743 1290 ait,
770 1224 1089 1287 ostendisti,
1116 1222 1188 1276 ﬁli
1217 1239 1231 1290 ;
1266 1219 1360 1275 sed
1387 1234 1485 1290 ego
1503 1258 1517 1280 ,
1547 1219 1688 1274 sicut
1715 1216 1826 1271 dixi
1859 1231 1925 1269 ex

352 1320 539 1385 initio,
570 1320 720 1373 omni
747 1318 874 1373 huic
918 1313 1329 1385 incomparabili
1374 1311 1670 1368 assertioni
1718 1317 1859 1371 tum,
1894 1321 1924 1359 a

351 1413 572 1484 pr0pria
614 1410 957 1465 conscientia
1004 1407 1303 1487 prohibeor
1344 1402 1758 1459 accommodare
1791 1414 1925 1454 con-

352 1520 597 1563 sensum.
643 1502 777 1558 Novi
808 1503 953 1558 enim
984 1509 1038 1556 et
1068 1515 1243 1554 meam
1288 1496 1532 1569 genesim
1576 1504 1629 1549 et
1673 1492 1925 1563 conjugis

351 1613 514 1666 meae,
550 1604 605 1651 et
633 1595 748 1651 scio
779 1610 841 1649 ea
887 1608 1007 1664 quae
1049 1592 1345 1661 unicuique
1390 1595 1639 1643 nostrum
1684 1584 1925 1639 dictabat

350 1689 571 1761 genesis
620 1687 925 1752 accidisse,
971 1694 1025 1739 et
1069 1684 1137 1738 ab
1180 1683 1264 1736 his
1311 1697 1431 1751 qua:
1472 1680 1637 1732 rebus
1662 1686 1715 1732 et
1747 1676 1926 1746 operi-

350 1780 455 1836 bus
482 1789 763 1850 comperta
792 1785 919 1835 sunt
943 1778 1074 1831 mihi
1092 1817 1105 1842 ,
1130 1790 1277 1830 nunc
1298 1774 1480 1829 verbis
1505 1772 1791 1828 transferri
1815 1787 1924 1825 non

2028 569 2176 624 beris
2228 571 2500 625 viventem
2551 568 2906 640 pudicissime
2951 572 3323 642 traditurum;
3376 584 3429 631 et
3484 575 3593 645 jam

2026 677 2174 716 nunc
2202 662 2391 731 accipe
2418 661 2574 716 ﬁdem
2604 678 2785 717 rerum
2810 679 2877 716 ex
2909 677 2973 716 eo
2993 704 3007 728 ,
3040 665 3182 733 quod
3217 682 3431 723 omnem
3465 684 3596 725 cau-

2027 771 2142 809 sam
2193 756 2366 809 multo
2414 754 2730 826 diligentius
2778 755 2892 809 scio
2940 772 3102 826 quam
3148 766 3240 821 tu,
3286 771 3596 830 cunctaque

2025 848 2120 904 tibi
2153 862 2250 917 per
2278 848 2526 903 ordinem
2562 861 2683 917 quae
2722 855 2874 919 gesta
2918 855 3047 903 sunt
3090 853 3395 917 cnarrabo,
3443 862 3502 907 ut
3542 858 3596 907 et

2024 946 2081 994 tu
2115 954 2415 1009 cognoscas
2442 948 2495 995 et
2525 941 2616 1010 qui
2648 949 2945 1010 praesentes
2973 948 3101 995 sunt
3130 942 3363 998 discant.

2094 1030 2309 1086 XXXV.
2351 1032 2416 1085 Et
2445 1048 2569 1088 cum
2604 1033 2717 1087 haec
2750 1034 3013 1098 dixisset,
3043 1050 3344 1091 conversus
3378 1036 3441 1090 ad
3473 1046 3593 1093 tur-

2025 1124 2123 1179 bas
2167 1125 2241 1177 ita
2284 1125 2489 1194 coepit:
2534 1124 2633 1179 llic
2676 1142 2838 1193 quem
2880 1126 3118 1192 videtis,
3148 1143 3178 1181 o
3209 1130 3341 1190 viri,
3396 1128 3450 1182 in
3491 1130 3596 1185 hac

2025 1227 2173 1272 veste
2200 1219 2543 1289 pauperrima
2566 1258 2580 1281 ,
2613 1217 2871 1274 Romana:
2904 1220 3055 1275 urbis
3087 1230 3170 1275 est
3204 1223 3371 1289 civis,
3406 1240 3473 1278 ex
3503 1218 3599 1294 ge?

2024 1324 2155 1364 nere
2188 1312 2361 1381 ipsius
2390 1309 2625 1365 Caesaris
2658 1311 2999 1367 descendens
3029 1330 3042 1379 ;
3077 1328 3274 1369 nomen
3303 1316 3351 1368 ei
3382 1313 3598 1371 Fausti-

2024 1402 2259 1466 nianus,
2292 1418 2516 1456 uxorem
2554 1417 2771 1472 quoque
2810 1404 3207 1459 nobilissimam
3252 1405 3589 1462 Matthidiam

2024 1493 2245 1547 nomine
2288 1494 2514 1548 sortitus
2556 1502 2673 1557 est,
2724 1510 2785 1548 ex
2838 1511 2945 1565 qua
2987 1503 3098 1551 tres
3142 1497 3282 1552 ﬁlios
3323 1501 3593 1569 suscepit,

2024 1598 2257 1653 quorum
2290 1585 2400 1639 duo
2429 1585 2661 1655 gemini,
2694 1602 2837 1641 unus
2870 1595 3049 1641 autem
3094 1587 3185 1657 qui
3228 1598 3344 1642 erat
3387 1590 3593 1661 junior,

2022 1678 2114 1730 cui
2146 1691 2346 1731 nomen
2377 1676 2662 1741 Clemens.
2694 1677 2783 1732 hic
2811 1681 2915 1749 est.
2947 1678 3013 1732 Et
3045 1694 3167 1733 cum
3200 1681 3303 1735 hoc
3330 1680 3591 1752 dixisset,

2027 1769 2197 1839 digito
2244 1785 2330 1824 me
2372 1770 2633 1825 ostendit.
2677 1769 2889 1825 Gemini
2943 1782 3123 1825 autem
3166 1771 3261 1826 ﬁlii
3303 1774 3421 1842 ejus
3466 1786 3595 1829 sunt

349 1888 594 1944 possum.
626 1871 869 1941 Denique
895 1869 1155 1939 quoniam
1186 1876 1239 1922 te
1272 1866 1513 1936 apprime
1545 1865 1815 1919 imbutum
1846 1863 1927 1917 vi-
1957 1870 2000 1923 Β
2028 1862 2154 1923 isti,
2186 1862 2371 1916 Niceta
2403 1869 2455 1915 et
2484 1862 2710 1932 Aquila,
2745 1879 2975 1932 quorum
3007 1865 3147 1921 alius
3176 1864 3470 1935 Faustinus
3500 1884 3596 1923 vo-

350 1960 453 2015 deo
482 1961 537 2013 in
571 1959 943 2028 hujuscemodi
975 1955 1283 2026 disciplinis
1304 1995 1319 2019 ,
1352 1955 1476 2010 audi
1509 1954 1761 2024 conjugis
1792 1968 1924 2008 mea:

352 2046 574 2110 thema,
620 2054 675 2101 et
714 2046 962 2101 invenies
1006 2045 1229 2100 schema
1273 2044 1433 2113 cujus
1477 2044 1658 2099 exitus
1701 2042 1920 2098 accidit.

356 2135 558 2191 Habuit
586 2137 730 2191 enim
764 2137 989 2192 Martem
1038 2151 1162 2191 cum
1194 2133 1407 2190 Venere
1447 2150 1612 2205 super
1652 2144 1921 2198 centrum,

349 2226 560 2283 Lunam
606 2226 737 2284 vero
780 2230 836 2283 in
875 2245 1078 2284 occasu
1126 2228 1183 2283 in
1214 2229 1466 2283 domibus
1497 2228 1685 2283 Martis
1714 2235 1768 2283 et
1798 2227 1922 2281 ﬁni—

353 2321 457 2376 bus
495 2319 756 2383 Saturni,
790 2321 933 2391 quod
965 2321 1186 2376 schema
1216 2321 1494 2375 adulteras
1537 2320 1669 2374 facit
1712 2327 1767 2375 et
1807 2332 1925 2375 ser-

349 2430 448 2469 vos
479 2415 735 2484 proprios
767 2430 951 2468 amare
971 2453 986 2479 ,
1019 2415 1075 2468 in
1107 2412 1545 2484 peregrinatione
1592 2419 1646 2466 et
1683 2412 1737 2465 in
1769 2413 1925 2481 aquis

350 2506 613 2578 defungi,
645 2506 791 2577 quod
825 2515 879 2561 et
925 2506 998 2560 ita
1043 2505 1245 2560 factum
1289 2512 1413 2571 est;
1456 2504 1647 2558 incidit
1689 2518 1925 2573 namque

349 2600 406 2655 in
434 2615 673 2655 amorem
707 2599 889 2665 servi,
922 2606 976 2654 et
1008 2598 1311 2669 periculum
1340 2597 1505 2652 simul
1536 2604 1698 2666 atque
1724 2610 1924 2666 oppro-

348 2689 528 2747 brium
560 2700 809 2747 metuens
836 2689 971 2763 fugit
1013 2706 1137 2744 cum
1182 2690 1337 2760 ipso,
1380 2697 1435 2743 et
1473 2703 1699 2758 peregre
1741 2687 1923 2757 profe-

348 2790 437 2838 cta
471 2782 562 2836 ubi
594 2780 769 2835 amori
802 2796 904 2837 suo
937 2779 1241 2845 satisfecit,
1271 2778 1433 2849 periit
1463 2778 1520 2832 in
1549 2778 1706 2833 mari.

421 2871 661 2928 XXXIII.
700 2873 766 2928 Et
798 2889 897 2945 ego
929 2872 1225 2943 respondi:
1269 2870 1421 2925 Unde
1453 2871 1563 2925 scis
1593 2870 1719 2939 quia
1763 2884 1919 2940 pere-

350 2979 446 3036 gre
474 2979 632 3020 servo
663 2979 764 3020 suo
795 2966 1003 3019 sociata
1031 2971 1116 3019 est
1144 2974 1198 3018 et
1238 2963 1293 3017 in
1339 2962 1458 3031 ejus
1502 2962 1780 3017 consortio
1823 2977 1919 3032 po-

351 3057 459 3115 sita
508 3056 865 3128 defungitur?
912 3056 978 3110 Et
1031 3073 1238 3113 senex:
1291 3055 1650 3119 Certissime,
1701 3056 1915 3126 inquit,

350 3152 503 3215 scio,
538 3164 726 3205 revera
757 3165 862 3203 non
894 3150 1018 3219 quia
1063 3150 1311 3220 nupserit
1357 3163 1545 3212 servo,
1580 3148 1781 3218 quippe
1822 3148 1913 3220 qui

353 3256 529 3313 neque
560 3241 663 3296 hoc
692 3240 910 3311 quidem
943 3239 1089 3309 quod
1134 3254 1255 3294 eum
1304 3245 1510 3293 amaret
1553 3254 1913 3310 agnoveram,

353 3331 448 3385 sed
479 3341 763 3401 postquam
796 3329 1039 3400 profecta
1070 3336 1188 3394 est,
1221 3328 1390 3385 frater
1417 3344 1570 3384 meus
1601 3329 1731 3382 mihi
1763 3344 1921 3383 enar-

353 3424 531 3489 ravit,
560 3424 750 3478 dicens
774 3464 787 3489 ,
821 3423 965 3492 quod
997 3422 1170 3491 primo
1200 3420 1417 3490 quidem
1448 3420 1625 3489 ipsum
1671 3420 1923 3474 adamas-

352 3522 474 3582 set;
535 3516 629 3570 sed
680 3515 768 3569 ille
811 3514 939 3584 quia
983 3520 1100 3569 erat
1143 3513 1440 3576 honestus,
1496 3518 1683 3580 utpote
1733 3510 1920 3571 frater,

350 3607 527 3663 noluit
571 3614 746 3661 torum
796 3605 982 3661 fratris
1030 3606 1220 3661 incesti
1264 3604 1474 3659 macula
1506 3604 1767 3674 polluere.
1810 3602 1916 3657 Sed

351 3699 444 3756 illa
474 3704 527 3751 et
557 3713 642 3752 me
677 3713 893 3763 verens,
922 3708 974 3753 et
1002 3696 1353 3769 opprobrium
1385 3711 1491 3750 non
1522 3695 1703 3750 ferens
1734 3695 1918 3749 infelix

351 3790 560 3863 (neque
600 3791 743 3844 enim
782 3792 1157 3860 imputandum
1197 3791 1245 3845 ei
1283 3796 1396 3853 est,
1433 3789 1577 3859 quod
1609 3803 1728 3843 eam
1758 3802 1920 3859 gene-

348 3884 429 3939 sis
463 3884 640 3939 facere
672 3870 992 3955 compulit),
1027 3884 1175 3937 ﬁnxit
1211 3882 1483 3937 somnium
1513 3888 1566 3937 et
1595 3882 1669 3935 ait
1696 3881 1765 3935 ad
1795 3895 1914 3935 me:

349 3974 537 4030 Astitit
566 3975 696 4029 mihi
731 3976 953 4045 quidam
988 3991 1084 4045 per
1114 3977 1289 4030 visum
1310 4016 1325 4041 ,
1360 3976 1452 4047 qui
1477 3975 1642 4044 jussit
1672 3991 1757 4030 me
1792 3990 1917 4029 cum

347 4064 565 4120 duobus
594 4064 825 4135 geminis
854 4066 989 4121 meis
1019 4067 1137 4122 sine
1166 4081 1316 4120 mora
1348 4081 1413 4121 ex
1443 4066 1588 4122 Urbe
1619 4065 1915 4135 proﬁcisci.

352 4156 480 4212 Haec
509 4174 638 4229 ergo
665 4175 788 4215 cum
818 4160 1127 4225 audissem,
1159 4173 1259 4229 pro
1289 4159 1463 4214 salute
1490 4158 1609 4228 ejus
1656 4158 1918 4212 ﬁliorum-

345 4266 455 4320 que
481 4251 771 4317 sollicitus,
799 4250 1085 4306 confestim
1108 4251 1282 4321 ipsam
1307 4260 1357 4305 et
1385 4250 1589 4304 liberos
1612 4250 1758 4303 exire
1775 4248 1914 4313 feci;

347 4359 516 4398 unum
548 4344 640 4413 qui
671 4351 787 4398 erat
815 4342 1022 4413 junior,
1056 4343 1186 4396 mihi
1217 4342 1416 4397 retinui
1445 4359 1461 4410 ;
1498 4342 1603 4395 hoc
1628 4340 1770 4395 enim
1791 4355 1914 4395 eum

346 4435 439 4505 qui
464 4422 725 4504 responsa
756 4435 810 4489 in
842 4434 1049 4491 somnis
1074 4433 1316 4497 dederat,
1340 4433 1652 4503 permisisse
1679 4432 1909 4487 dicebat.

2026 1951 2253 2006 cabatur
2282 1954 2475 2023 prius,
2509 1961 2562 2007 et
2605 1954 2744 2009 alius
2790 1953 3045 2010 Faustus.
3094 1955 3268 2011 Simul
3308 1967 3491 2013 autem
3535 1967 3595 2013 ut

2025 2044 2252 2099 nomina
2294 2052 2484 2099 nostra
2524 2046 2827 2101 enuntiavit
2867 2046 3096 2113 Petrus,
3135 2065 3299 2105 senex
3336 2051 3594 2107 resolutis

2026 2135 2289 2189 membris
2318 2138 2607 2202 omnibus,
2638 2151 2795 2205 quasr
2831 2136 3166 2209 interceptus
3194 2141 3454 2196 concidit.
3479 2140 3593 2197 Nos

2023 2234 2208 2279 autem
2246 2226 2341 2281 ﬁlii
2379 2227 2650 2283 irruentes
2695 2244 2861 2297 super
2897 2245 3055 2293 eum,
3099 2233 3593 2302 complectebamur

2020 2326 2078 2372 et
2110 2320 2514 2385 osculabamur,
2548 2331 2800 2378 verentes
2840 2324 3003 2378 simul
3040 2339 3107 2379 ne
3142 2325 3395 2393 spiritum
3433 2342 3594 2384 revo-

2024 2424 2151 2466 care
2179 2428 2286 2466 non
2319 2423 2523 2482 posset.
2556 2413 2621 2467 Et
2651 2428 2774 2468 cum
2806 2414 2922 2469 haec
2950 2414 3174 2481 ﬁerent,
3209 2418 3443 2488 populus
3472 2419 3591 2490 qui-

2024 2501 2145 2556 dem
2176 2501 2537 2558 admiratione
2573 2506 2692 2575 ipsa
2721 2506 3134 2578 obstupefactus
3165 2516 3272 2563 est.

2094 2590 2331 2647 XXXVI.
2374 2592 2568 2649 Petrus
2598 2606 2777 2652 autem
2813 2612 3037 2668 surgere
3068 2614 3170 2654 nos
3216 2614 3247 2653 a
3287 2601 3590 2672 complexi-

2023 2680 2126 2735 bus
2157 2682 2364 2750 patris,
2402 2699 2471 2737 ne
2506 2700 2629 2739 eum
2662 2700 2986 2743 necaremus
3010 2687 3200 2756 jubet,
3249 2696 3302 2745 et
3338 2690 3456 2760 ipse
3495 2706 3591 2763 ap-

2023 2772 2288 2841 prehensa
2319 2789 2481 2827 manu
2507 2777 2625 2842 ejus
2645 2813 2661 2838 ,
2690 2776 2850 2846 quasi
2883 2776 2947 2831 de
2974 2792 3167 2832 somno
3196 2779 3432 2849 quodam
3462 2796 3592 2852 pro-

2023 2860 2191 2916 fundo
2214 2864 2433 2919 elevans
2456 2880 2579 2919 eum
2602 2873 2655 2919 et
2672 2867 2949 2936 paululum
2970 2883 3246 2935 recreans,
3265 2870 3450 2926 omnia
3471 2884 3591 2941 qua

2022 2961 2177 3024 gesta
2204 2954 2418 3009 fuerant
2441 2956 2743 3011 secundum
2770 2958 3055 3012 veritatem
3087 2961 3254 3029 cmpit
3278 2976 3583 3031 exponere:

2018 3048 2289 3116 quomodo
2312 3047 2478 3102 frater
2499 3048 2617 3117 ejus
2640 3049 2694 3102 in
2719 3064 2954 3105 amorem
2980 3050 3232 3106 inciderit
3252 3052 3549 3110 Matthidire
3569 3096 3584 3118 ,

2021 3144 2074 3191 et
2100 3138 2190 3191 illa
2218 3142 2341 3194 cum
2366 3148 2510 3196 esset
2533 3140 2920 3210 pudicissima,
2953 3142 3201 3197 illicitum
3229 3144 3413 3200 fratris
3438 3159 3590 3200 amo-

2019 3247 2131 3286 rem
2165 3231 2284 3286 viro
2318 3233 2559 3287 indicare
2586 3234 2853 3298 noluerit,
2885 3249 2954 3290 ne
2982 3235 3065 3290 vel
3096 3236 3294 3291 bellum
3329 3236 3587 3294 fratribus

2019 3321 2103 3375 vel
2151 3324 2501 3392 opprobrium
2556 3325 2742 3395 generi
2800 3326 3110 3393 indiceret,
3166 3332 3259 3385 sed
3311 3332 3587 3402 sapienter

2020 3415 2290 3469 somnium
2321 3415 2575 3482 ﬁnxerit,
2599 3432 2707 3487 quo
2738 3433 2803 3471 ex
2834 3416 2981 3474 Urbe
3016 3420 3299 3489 juberetur
3327 3426 3588 3483 excedere

2019 3521 2142 3561 cum
2176 3507 2407 3577 geminis
2436 3507 2597 3573 ﬁliis,
2646 3510 2863 3578 juniore
2907 3512 3049 3581 apud
3095 3523 3303 3583 patrem
3349 3517 3584 3586 relicto;

2021 3604 2188 3666 utque
2220 3598 2542 3669 navigantes
2570 3599 2918 3671 naufragium
2944 3604 2996 3657 vi
3024 3609 3368 3676 tempestatis
3400 3609 3557 3664 incur
3577 3639 3589 3647 -

2018 3691 2225 3756 rerint,
2254 3698 2308 3746 et
2336 3692 2403 3745 ad
2436 3692 2671 3748 insulam
2704 3694 3042 3751 Antaradum
3073 3700 3294 3755 nomine
3335 3702 3580 3772 expulsi,

2019 3781 2298 3839 Matthidia
2355 3787 2571 3856 quidem
2631 3804 2796 3859 supra
2849 3805 3042 3846 saxum
3097 3794 3368 3864 quoddam
3416 3796 3582 3851 ﬂuctu

2013 3872 2259 3942 jactante
2309 3876 2551 3945 projeeta
2595 3878 2701 3946 sit,
2754 3879 2953 3947 gemini
2996 3896 3124 3935 vero
3174 3881 3331 3937 liberi
3376 3885 3515 3955 rapti
3552 3900 3583 3939 a

2014 3965 2209 4033 piratis
2236 3972 2289 4021 et
2308 3967 2609 4023 Caesaream
2638 3970 2906 4039 perducti,
2946 3971 3213 4043 religiosa
3249 3975 3463 4030 cuidam
3505 3976 3584 4032 fe-

2018 4057 2177 4113 mina:
2232 4060 2524 4113 venundati
2572 4060 2717 4124 sint,
2767 4076 2888 4130 quae
2930 4078 3026 4118 eos
3076 4064 3135 4118 in
3175 4065 3409 4123 filiorum
3461 4069 3584 4124 loco

2014 4151 2222 4208 habens
2274 4153 2574 4207 liberaliter
2622 4154 2937 4209 educaverit
2990 4162 3044 4210 et
3094 4157 3299 4213 erudiri
3353 4158 3578 4225 fecerit,

2015 4256 2313 4311 eorumque
2345 4241 2564 4296 nomina
2598 4243 2787 4311 piratze
2818 4245 3227 4300 immutaverint
3254 4256 3307 4303 et
3337 4247 3581 4305 Nicetam

2016 4333 2218 4397 alium,
2274 4333 2440 4387 alium
2492 4331 2746 4403 Aquilam
2801 4336 3199 4405 vocitaverint;
3249 4349 3415 4411 utque
3461 4354 3583 4413 post

2018 4425 2131 4480 haec
2164 4425 2472 4481 studiorum
2504 4435 2558 4481 et
2587 4428 3005 4485 consuetudinis
3031 4445 3202 4486 causa
3235 4430 3445 4488 Simoni
3485 4436 3581 4490 ad-

418 4526 655 4581 XXXIV.
676 4524 814 4580 Tum
846 4540 947 4594 ego
977 4523 1250 4588 Clemens,
1285 4523 1591 4593 intelligens
1622 4520 1764 4592 quod
1795 4522 1912 4591 ipse
1942 4539 1987 4593 ι)
2015 4522 2291 4588 haeserint,
2310 4530 2470 4592 atque
2492 4522 2560 4576 ab
2585 4538 2671 4590 eo,
2698 4524 2791 4577 ubi
2820 4540 3034 4593 magum
3063 4534 3115 4580 et
3141 4526 3479 4597 deceptorem
3501 4531 3580 4583 vi-

348 4620 599 4676 fortassis
624 4626 769 4676 esset
791 4624 944 4688 pater
970 4632 1126 4673 meus
1144 4656 1157 4681 ,
1189 4614 1447 4685 lacrymis
1472 4613 1725 4683 oppletus
1754 4626 1906 4679 sum;

347 4711 546 4767 fratres
574 4726 790 4781 quoque
831 4724 982 4764 meos
1023 4708 1266 4763 volentes
1311 4706 1563 4776 prosilire
1604 4712 1659 4759 et
1700 4703 1912 4774 aperire

345 4818 465 4858 rem
487 4841 503 4868 ,
533 4803 807 4871 prohibuit
837 4799 1029 4855 Petrus
1069 4796 1256 4853 dicens
1286 4816 1300 4852 :
1332 4796 1606 4863 Quiescite
1634 4792 1912 4864 quoadus-

343 4911 455 4969 que
495 4894 628 4949 mihi
675 4894 959 4963 placuerit.
1013 4890 1366 4963 Respondens
1413 4903 1542 4958 ergo
1593 4885 1789 4955 Petrus
1836 4882 1913 4961 ait

344 4988 412 5042 ad
444 4999 666 5041 senem:
703 4984 855 5051 Quod
888 4998 1080 5039 nomen
1125 4988 1241 5037 erat
1278 4980 1482 5051 juniori
1524 4978 1635 5033 ﬁlio
1678 4976 1814 5033 tuo?
1841 4976 1909 5030 At

344 5083 436 5138 ille
467 5081 584 5135 ait:
617 5079 889 5135 Clemens.
933 5078 996 5132 Et
1029 5076 1257 5132 Petrus:
1297 5074 1353 5130 Si
1388 5074 1482 5129 tibi
1509 5114 1524 5138 ,
1560 5074 1775 5143 inquit,
1808 5071 1908 5125 ho-

343 5176 431 5231 die
461 5176 747 5244 conjugem
794 5184 939 5228 tuam
966 5172 1329 5229 castissimam
1359 5169 1752 5237 consignavero
1782 5181 1908 5219 cum

344 5270 523 5323 tribus
568 5268 691 5322 ﬁliis
734 5266 873 5329 tuis,
920 5267 1095 5321 credis
1138 5265 1265 5335 quia
1306 5268 1485 5333 potest
1525 5260 1719 5329 pudica
1752 5272 1908 5313 mens

346 5369 526 5416 motus
558 5356 960 5413 irrationabiles
989 5371 1246 5425 superare
1273 5395 1287 5421 ,
1318 5363 1371 5409 et
1399 5352 1542 5423 quod
1572 5351 1754 5405 omnia
1786 5365 1907 5419 qua:

346 5469 377 5509 a
408 5453 566 5509 nobis
608 5452 755 5505 dicta
788 5456 946 5511 sunt,
980 5463 1105 5501 vera
1136 5447 1247 5501 sint
1274 5455 1327 5501 et
1355 5444 1571 5516 genesis
1613 5441 1750 5497 nihil
1795 5440 1908 5497 sit?

348 5546 412 5600 Et
452 5560 659 5602 senex:
698 5542 852 5598 Sicut
898 5539 1234 5607 impossibile
1278 5544 1393 5601 est,
1426 5536 1637 5607 inquit,
1668 5543 1722 5590 te
1752 5533 1909 5589 exhi-

349 5633 476 5686 bere
500 5631 645 5700 quod
676 5626 1015 5700 promisisti,
1047 5625 1120 5679 ita
1148 5626 1486 5694 impossibile
1515 5631 1598 5681 est
1626 5630 1780 5681 extra
1809 5638 1906 5694 ge-

342 5724 519 5778 nesim
551 5721 664 5776 ﬁeri
694 5717 921 5791 aliquid.
953 5716 1094 5772 Tum
1138 5716 1334 5773 Petrus
1360 5735 1376 5773 :
1418 5717 1610 5773 Testes
1630 5756 1645 5782 ,
1688 5716 1901 5787 inquit,

342 5816 547 5872 habere
590 5814 715 5870 volo
756 5827 949 5868 omnes
989 5811 1092 5866 hos
1126 5810 1219 5880 qui
1259 5817 1556 5880 praesentes
1599 5819 1770 5874 sunt,
1819 5816 1923 5863 mo'

629 5907 897 5968 ΡΑτιιοι..
946 5904 1061 5966 Gn.
1114 5904 1163 5964 l.

2014 4615 2243 4680 derunt,
2268 4618 2444 4672 aversi
2468 4615 2801 4669 accesserint
2825 4616 2891 4670 ad
2920 4615 3236 4673 Zacchaeum
3254 4658 3269 4683 ,
3292 4626 3346 4674 et
3368 4628 3425 4673 ut
3454 4631 3578 4691 post

2013 4706 2127 4760 haec
2159 4707 2353 4762 sociati
2385 4712 2511 4761 sunt
2540 4707 2682 4773 sibi;
2719 4707 2813 4761 sed
2844 4715 2897 4763 et
2925 4708 3179 4765 Clemens
3211 4712 3481 4779 quomodo
3509 4728 3575 4767 ex

2013 4798 2158 4855 Urbe
2181 4799 2538 4869 agnoscenda:
2558 4801 2803 4855 veritatis
2827 4815 2993 4856 causa
3019 4800 3315 4873 profectus,
3336 4820 3433 4875 per
3454 4805 3580 4858 Bar-

2010 4894 2166 4950 nabas
2195 4894 2440 4947 notitiam
2466 4893 2770 4949 Caesaream
2798 4894 3007 4949 venerit
3036 4896 3248 4966 sibique
3279 4896 3577 4955 innotuerit

2009 4992 2061 5039 et
2092 4983 2411 5048 adhaeserit,
2438 4990 2605 5054 utque
2634 4983 2703 5037 ab
2727 4999 2791 5039 eo
2816 4982 2887 5039 sit
2913 4983 2981 5039 de
3008 4982 3112 5039 ﬁde
3139 4984 3421 5055 religionis
3446 4986 3579 5041 edo-

2009 5083 2164 5143 ctus;
2192 5077 2287 5131 sed
2310 5085 2364 5131 et
2386 5077 2620 5147 qualiter
2641 5076 2781 5146 apud
2808 5076 3144 5131 Antaradum
3170 5077 3573 5138 mendicantem

2008 5169 2268 5238 repererit
2298 5176 2351 5222 et
2378 5169 2759 5239 recognOverit
2790 5177 3017 5221 matrem
3037 5211 3050 5236 ,
3085 5176 3252 5238 utque
3282 5156 3462 5224 omnis
3492 5168 3578 5223 in-

2008 5261 2125 5317 sula
2156 5262 2211 5315 in
2236 5261 2356 5329 ejus
2381 5261 2752 5330 recognitione
2782 5260 2967 5329 gavisa
2991 5260 3090 5326 sit,
3114 5270 3166 5314 et
3196 5261 3262 5314 de
3293 5257 3577 5329 pudicissiv

2008 5364 2107 5403 mae
2135 5348 2364 5418 hospita:
2390 5349 2748 5403 contubernio
2777 5357 2937 5417 atque
2957 5349 3075 5417 ejus
3108 5364 3201 5419 per
3220 5350 3574 5419 semetipsum

2007 5442 2208 5495 collata
2239 5442 2471 5497 sanitate
2498 5481 2513 5505 ,
2544 5450 2599 5496 et
2630 5442 2696 5496 de
2726 5443 3050 5497 liberalitate
3073 5441 3365 5496 Clementis
3393 5441 3449 5499 in
3478 5455 3575 5496 eos

2006 5529 2098 5601 qui
2142 5547 2269 5602 erga
2319 5540 2545 5586 matrem
2576 5532 2805 5587 beneﬁci
2848 5534 3205 5600 exstiterant;
3236 5541 3405 5603 utque
3448 5542 3574 5604 post

2004 5623 2120 5679 haec
2146 5622 2334 5679 Niceta
2359 5632 2409 5679 et
2432 5624 2626 5695 Aquila
2657 5626 2996 5695 requirentes
3027 5639 3273 5695 quamam
3305 5632 3450 5682 esset
3477 5639 3573 5697 pe-

2006 5714 2225 5786 regrina
2268 5712 2483 5779 mulier,
2529 5728 2654 5770 cum
2700 5713 2983 5771 audissent
3022 5728 3053 5770 a
3091 5713 3372 5771 Clemente
3411 5728 3573 5772 omne

2012 5806 2285 5881 negotium
2308 5846 2325 5875 ,
2358 5821 2419 5863 se
2448 5820 2571 5865 esse
2600 5787 2848 5879 geminos
2892 5805 3013 5879 ejus
3059 5794 3197 5863 filias
3244 5805 3569 5863 Faustinum

3254 5899 3329 5959 1:5
