4036 6252
508 304 645 360 μω

1358 299 1415 354 S.
1455 297 1848 355 CLEMENTIS
1881 297 1899 350 I
1932 296 2101 354 ROM.
2137 297 2337 355 PONT.
2374 294 2602 354 OPERA
2636 296 2859 354 DUBIA.

3622 299 3760 358 ωθ

506 414 959 472 exclamaverunt
984 423 1039 470 et
1080 412 1342 469 Faustum
1365 452 1380 479 ,
1426 425 1755 481 omnemque
1798 410 2084 466 historiam
2114 416 2163 475 Α
2194 411 2455 465 conclave
2505 411 2723 475 clausa,
2767 410 3006 481 eﬂ'ugato
3043 427 3084 466 a
3128 425 3189 468 se
3224 410 3467 468 damnnc
3506 422 3563 469 et
3603 418 3761 474 ostiis

505 524 629 579 quae
656 523 752 565 eos
783 507 961 580 egerit
989 506 1394 579 patefecerint;
1424 513 1591 574 utque
1621 510 1747 574 post
1779 501 1895 557 haec
1926 503 2086 557 matri

506 602 749 667 cautius,
767 616 834 657 ne
869 600 1055 656 subito
1084 599 1287 669 gaudio
1318 597 1761 667 interciperetur,
1793 595 1915 666 ipso
1938 592 2087 649 insi-

508 702 715 748 nuante
739 733 754 758 ,
784 690 954 749 oblati
986 689 1308 751 sint,Petro.
1734 734 1737 737 .

579 782 843 839 XXXVII.
877 782 981 838 Sed
1010 799 1134 838 cum
1162 784 1277 838 hac
1303 782 1357 836 in
1382 782 1571 836 auditu
1598 784 1748 838 senis
1772 790 2088 838 narratione

509 864 824 952 gratissima
856 878 1036 933 turbis
1069 883 1367 943 exponeret
1396 873 1591 931 Petrus
1612 917 1626 939 ,
1661 876 1737 931 ita
1770 886 1830 931 ut
1860 876 2089 930 audien-

511 980 595 1029 tes
622 979 903 1043 gestorum
931 969 1213 1026 miraculis
1242 975 1296 1024 et
1326 968 1686 1026 humanitatis
1732 969 2088 1025 miseratione

509 1066 910 1136 lacrymarent,
948 1064 1134 1118 nescio
1165 1061 1308 1117 unde
1336 1061 1566 1118 audiens
1601 1069 1775 1118 mater
1819 1062 1887 1117 de
1927 1077 2085 1118 reco-

510 1157 756 1228 gnitione
802 1156 1007 1227 patris,
1055 1169 1223 1209 cursu
1271 1155 1493 1211 concito
1535 1154 1699 1209 irruit
1740 1154 1801 1209 in
1844 1154 2086 1209 medium

511 1250 724 1313 nostri,
760 1264 883 1303 cum
918 1249 1159 1303 clamore
1206 1248 1443 1303 dicens:
1498 1246 1603 1302 Ubi
1644 1255 1729 1304 est
1774 1262 1931 1303 meus
1978 1249 2084 1313 vir,

512 1356 668 1396 meus
691 1341 944 1395 dominus
970 1338 1389 1403 Faustinianus,
1415 1339 1508 1410 qui
1542 1348 1650 1394 tam
1670 1341 1857 1395 multis
1882 1348 2089 1411 tempo-

511 1434 667 1489 ribus
699 1432 971 1504 aflligitur,
1006 1432 1294 1487 ambulans
1328 1448 1424 1503 per
1453 1433 1620 1489 urbes
1648 1435 1891 1506 singulas
1921 1441 1974 1489 et
2004 1450 2089 1489 me

514 1530 809 1603 quaerens?
859 1528 984 1584 Haec
1020 1545 1144 1585 cum
1179 1530 1269 1583 illa
1295 1530 1452 1600 quasi
1498 1546 1687 1587 amens
1731 1532 1993 1585 clamaret
2035 1536 2089 1585 et

511 1622 996 1693 circumspiceret,
1028 1639 1193 1678 senex
1223 1638 1521 1680 accurrens
1547 1640 1671 1679 cum
1700 1624 1885 1680 multis
1910 1625 2089 1695 lacry-

510 1715 615 1770 mis
647 1715 904 1784 amplecti
934 1722 988 1767 et
1035 1715 1417 1785 constringere
1458 1730 1578 1770 eam
1623 1714 1808 1786 cmpit.
1858 1714 1924 1767 Et
1962 1728 2087 1767 cum

510 1809 627 1863 haec
658 1816 1003 1879 gererentur,
1038 1806 1238 1861 Petrus
1282 1808 1495 1878 rogavit
1526 1808 1717 1864 turbas
1748 1815 1808 1862 ut
1838 1807 2089 1862 discede-
2120 1788 2161 1843 Β

508 1907 662 1963 rent,
702 1900 892 1953 dicens
940 1899 1369 1954 inverecundum
1410 1915 1535 1957 esse
1580 1901 1725 1954 ultra
1759 1901 2084 1971 persistere,

510 1991 605 2045 sed
638 1990 877 2045 dandum
911 1992 991 2045 eis
1028 1991 1207 2045 locum
1253 1990 1581 2048 familiarius
1624 1991 1859 2047 invicem
1908 2007 1967 2045 se
2006 1991 2089 2046 vi-

509 2081 716 2148 dendi;
747 2084 992 2137 crastino
1027 2093 1208 2137 autem
1240 2084 1330 2138 hic
1351 2125 1365 2150 ,
1399 2084 1577 2154 inquit
1598 2124 1613 2149 ,
1646 2085 1694 2139 si
1721 2085 1814 2153 qui
1842 2090 2087 2138 vestrum

509 2176 704 2229 volunt
726 2214 741 2239 ,
775 2175 1106 2231 conveniant
1138 2174 1206 2230 ad
1238 2176 1573 2233 audiendum
1605 2178 1852 2233 verbum.

582 2266 872 2322 XXXVIII.
914 2267 1012 2324 llis
1045 2284 1076 2323 a
1104 2268 1267 2324 Petro
1294 2270 1460 2324 dictis
1493 2280 1846 2326 secesserunt
1876 2272 2083 2338 turbae,

506 2369 564 2440 et
590 2376 713 2415 cum
741 2362 1003 2416 vellemus
1034 2376 1135 2417 nos
1167 2377 1386 2433 quoque
1417 2363 1497 2418 ire
1525 2363 1593 2417 ad
1622 2362 1917 2433 hospitium
1940 2404 1955 2430 ,
1989 2364 2088 2421 do-

507 2453 697 2507 minus
741 2452 938 2515 demus
980 2454 1056 2507 ait
1099 2453 1167 2508 ad
1208 2470 1355 2511 nos:
1404 2452 1585 2525 Turpe
1628 2463 1714 2511 est
1761 2463 1817 2512 et
1860 2457 2086 2528 impium

511 2544 651 2599 tales
682 2559 747 2599 ac
778 2552 963 2599 tantos
991 2545 1142 2601 viros
1179 2561 1402 2602 manere
1442 2546 1496 2601 in
1537 2549 1787 2613 stabulo,
1824 2564 1950 2604 cum
1986 2564 2088 2620 ego

510 2650 734 2693 omnem
765 2653 902 2708 pene
937 2637 1158 2693 domum
1188 2644 1475 2694 vacantem
1508 2636 1735 2694 habeam
1755 2682 1769 2707 ,
1801 2638 2088 2717 lectosque

513 2736 719 2785 stratos
754 2732 1189 2801 quamplurimos
1227 2740 1282 2788 et
1322 2748 1442 2804 quae
1473 2734 1785 2791 necessaria
1825 2744 1953 2791 sunt
1992 2750 2089 2804 pa-

510 2827 652 2875 rata.
688 2818 794 2877 Sed
825 2820 990 2877 Petro
1019 2823 1468 2889 contradicente,
1502 2839 1641 2880 uxor
1675 2824 2087 2895 patrisfamilias

514 2928 622 2967 una
677 2928 802 2968 cum
854 2915 1045 2970 liberis
1085 2916 1203 2971 suis
1242 2916 1556 2987 prostrabat
1597 2932 1656 2971 se
1701 2923 1825 2971 ante
1868 2932 1991 2971 eum
2035 2922 2089 2970 et

514 3004 777 3060 exorabat
808 3005 1000 3063 dicens
1026 3025 1038 3060 :
1074 3005 1315 3062 Obsecro
1344 3017 1425 3071 te,
1460 3021 1621 3062 mane
1651 3005 1793 3076 apud
1824 3022 1943 3062 nos.
1980 3004 2087 3063 Sed

511 3111 581 3150 ne
611 3094 691 3151 sic
717 3096 937 3166 quidem
972 3096 1354 3167 acquiescebat
1383 3095 1610 3161 Petrus,
1642 3095 1816 3152 donec
1849 3095 1957 3151 filia
1988 3112 2084 3152 eo-

2192 501 2483 571 patefactis
2530 517 2654 557 cum
2708 503 2921 559 catenis
2965 503 3082 558 suis
3135 503 3362 560 veniens
3410 505 3648 574 procidit
3695 509 3759 563 ad

2188 592 2356 661 pedes
2384 589 2570 655 Petri,
2603 591 2829 647 dicens:
2868 589 3103 647 Rectum
3142 601 3261 657 est,
3302 594 3377 647 mi
3416 594 3671 660 domine,
3707 605 3765 652 ut

2192 698 2321 754 agas
2353 684 2515 739 hodie
2540 683 2631 738 hic
2662 685 2924 739 salutaria
2952 700 3073 741 mea
3104 685 3219 758 (5),
3250 695 3305 740 et
3331 702 3441 741 non
3472 689 3764 745 contristes

2192 799 2370 855 neque
2410 799 2497 839 me
2529 800 2708 856 neque
2738 793 2995 857 parentes
3034 802 3206 841 meos.
3248 785 3411 841 Petro
3446 795 3631 842 autem
3671 802 3758 842 re-

2191 879 2445 949 quirente
2494 887 2813 934 catenatum
2861 894 3287 950 sermonumque
3336 879 3455 949 ejus
3508 895 3762 945 causam,

2190 980 2447 1045 parentes
2484 981 2683 1045 praeter
2718 988 2870 1043 spem
2901 973 3006 1028 laeti
3036 972 3216 1028 effecti
3249 972 3316 1028 de
3346 972 3469 1027 filia:
3498 974 3764 1041 sanitate,

2191 1068 2343 1123 velut
2381 1076 2608 1139 stupore
2645 1067 2881 1139 quodam
2924 1068 3142 1122 attoniti
3183 1067 3289 1137 ipsi
3325 1068 3547 1138 quidem
3584 1068 3767 1124 dicere

2190 1167 2500 1229 nequeunt,
2555 1167 2805 1216 astantes
2851 1165 3033 1213 autem
3080 1158 3270 1213 famuli
3319 1158 3517 1212 aiunt:
3566 1156 3696 1213 Haec
3735 1174 3765 1213 a

2191 1254 2421 1325 septimo
2450 1254 2627 1308 aetatis
2670 1268 2815 1308 anno
2859 1268 2890 1307 a
2936 1252 3184 1307 daemone
3227 1260 3529 1322 occupata,
3576 1268 3767 1307 omnes

2190 1347 2285 1416 qui
2323 1346 2582 1401 accedere
2630 1353 2937 1403 tentassent
2984 1343 3051 1398 ad
3092 1360 3245 1409 eam,
3293 1345 3583 1411 scindere,
3627 1343 3765 1399 dila-

2190 1439 2346 1493 niarc
2377 1438 2656 1493 morsibus
2676 1479 2689 1503 ,
2723 1438 2886 1493 etiam
2918 1437 3263 1506 disrumpere
3284 1476 3297 1501 ,
3331 1446 3386 1491 et
3415 1436 3521 1491 hoc
3550 1452 3646 1507 per
3684 1435 3766 1490 vi-

2189 1531 2328 1602 ginti
2360 1547 2534 1588 annos
2563 1547 2738 1602 usque
2768 1530 2835 1585 ad
2871 1546 3112 1602 praesens
3142 1530 3323 1585 facere
3353 1546 3633 1600 nunquam
3666 1530 3763 1585 de—

2192 1624 2364 1688 stitit,
2412 1639 2515 1679 nec
2567 1624 2634 1679 ab
2685 1623 2869 1694 aliquo
2918 1622 3096 1694 potuit
3146 1623 3369 1687 curari,
3419 1624 3516 1677 sed
3558 1636 3630 1676 ne
3668 1636 3762 1676 ac-

2190 1714 2385 1771 cedere
2434 1714 2500 1768 ad
2547 1730 2666 1771 eam
2723 1716 3013 1786 quisquam
3060 1713 3321 1779 valebat;
3371 1714 3574 1767 mullos
3614 1712 3763 1767 enim

2191 1807 2414 1863 inutiles
2444 1807 2710 1873 reddidit,
2746 1808 2882 1862 alios
2926 1813 2979 1862 et
3023 1807 3281 1877 peremit,
3322 1805 3579 1860 omnibus
3618 1806 3764 1860 enim

2190 1903 2325 1957 viris
2354 1900 2584 1955 validior
2606 1908 2744 1966 erat,
2771 1901 2889 1955 sine
2911 1900 3078 1955 dubio
3100 1899 3308 1955 viribus
3331 1900 3596 1953 daemonis
3621 1897 3762 1952 nisa.

2189 1992 2347 2048 Nunc
2398 1999 2601 2058 autem,
2651 2000 2710 2045 ut
2757 1992 2946 2058 vides,
3000 2008 3067 2047 ex
3106 1991 3397 2062 praesentia
3432 1998 3524 2044 tua
3552 1988 3764 2044 daemon

2190 2085 2410 2157 quidem
2442 2083 2614 2155 fugit,
2648 2084 2793 2138 ostia
2828 2098 2961 2138 vero
2992 2099 3113 2154 quae
3150 2098 3366 2139 summo
3407 2098 3531 2137 cum
3579 2080 3763 2135 muni-

2189 2183 2376 2231 mento
2406 2176 2594 2230 clausa
2639 2172 2890 2237 fuerant,
2933 2181 3121 2243 aperta
3166 2180 3331 2244 sunt,
3379 2178 3433 2226 et
3476 2171 3595 2240 ipsa
3629 2183 3763 2225 sana

2190 2277 2299 2326 stat
2338 2276 2472 2323 ante
2516 2276 2570 2323 te
2610 2283 2843 2338 rogans,
2892 2274 2951 2321 ut
3001 2267 3143 2321 diem
3174 2265 3496 2321 salutarium
3537 2278 3764 2318 suorum

2187 2358 2370 2413 laetum
2400 2364 2458 2413 et
2488 2357 2594 2429 ipsi
2617 2366 2671 2412 et
2697 2356 3016 2427 parentibus
3050 2355 3217 2410 facias
3237 2396 3251 2420 ,
3282 2362 3336 2408 et
3367 2366 3583 2406 maneas
3618 2350 3763 2421 apud

2188 2466 2305 2507 eos.
2348 2448 2473 2505 Haec
2508 2466 2632 2505 cum
2670 2451 2743 2504 ita
2774 2465 2916 2505 unus
2955 2465 3020 2503 ex
3061 2447 3281 2502 famulis
3317 2452 3673 2507 enarrasset,
3713 2450 3763 2498 et

2189 2543 2322 2614 ipsae
2364 2548 2572 2597 catenae
2599 2540 2667 2596 de
2707 2539 2963 2595 manibus
2993 2540 3113 2610 ejus
3155 2554 3219 2593 ac
3240 2536 3488 2609 pedibus
3529 2535 3763 2589 fuissent

2172 2643 2386 2707 _sponte
2431 2635 2726 2699 resolutae,
2773 2630 2970 2689 Petrus
3019 2640 3202 2687 certus
3247 2630 3395 2701 quod
3436 2644 3535 2700 per
3580 2628 3760 2699 ipsum

2189 2728 2399 2784 sanitas
2443 2727 2559 2783 hzec
2598 2726 2810 2783 reddita
2855 2725 2926 2782 sit
2964 2725 3192 2796 puellae,
3231 2721 3506 2793 acquievit
3538 2733 3763 2775 manere

2190 2821 2335 2892 apud
2362 2835 2475 2875 eos.
2516 2818 2622 2875 Sed
2651 2826 2705 2874 et
2735 2819 2857 2873 illos
2888 2817 2981 2888 qui
3012 2823 3391 2872 remanserant
3421 2814 3476 2868 in
3512 2812 3757 2882 hospitio

2188 2931 2298 2969 una
2348 2929 2473 2970 cum
2512 2929 2683 2970 uxore
2722 2928 2821 2970 sua
2863 2910 3102 2967 transire
3133 2911 3342 2981 jussit,
3376 2918 3430 2964 et
3460 2910 3763 2978 unusquis-

2188 3021 2296 3076 que
2324 3005 2565 3076 acccptis
2597 3020 2846 3061 seorsum
2888 3003 3162 3059 cubiculis
3205 3002 3549 3067 mansimus,
3598 3006 3763 3069 atque

2190 3113 2261 3156 ex
2306 3113 2458 3154 more
2510 3097 2633 3153 cibo
2672 3105 2893 3169 sumpto
2934 3099 3273 3171 redditisque
3314 3098 3572 3155 laudibus
3616 3096 3759 3155 Deo.

512 3200 635 3239 rum
667 3186 761 3256 qui
790 3186 1074 3257 rogabant,
1110 3188 1177 3242 ab
1209 3186 1490 3242 immundo
1519 3186 1711 3257 spiritu
1744 3189 2083 3257 temporibus
2108 3201 2152 3258 α
2188 3191 2306 3247 suis
2334 3189 2536 3263 singuli
2572 3190 2945 3262 requievimus
2974 3193 3130 3250 locis.

496 3279 699 3333 multis
734 3287 929 3334 vexata
965 3292 1018 3333 et
1056 3279 1265 3334 catenis
1298 3282 1520 3345 vincta,
1555 3294 1676 3350 quae
1714 3279 1893 3335 fuerat
1934 3279 2078 3335 intra

1627 3639 1997 3729 LIBER
2076 3639 2634 3734 DECIMUS.

568 3900 620 3955 1.
660 3897 817 3955 Mane
852 3904 1055 3964 autem,
1086 3906 1277 3953 exorto
1307 3898 1453 3965 sole,
1482 3911 1584 3970 ego
1619 3897 1873 3955 Clemens
1904 3907 1960 3955 et
1980 3898 2083 3956 Ni-

506 3998 630 4055 ceta
657 4000 820 4066 atque
844 3990 1042 4063 Aquila
1069 4005 1177 4044 una
1194 3996 1328 4044 *cum
1349 3988 1512 4045 Petro
1530 3990 1784 4047 venimus
1808 3990 1877 4046 ad
1900 3992 2080 4048 locum

507 4092 562 4147 in
610 4106 719 4162 quo
765 4096 920 4159 pater
961 4084 1124 4141 simul
1169 4098 1294 4139 cum
1343 4088 1518 4139 ma'tre
1561 4084 1976 4155 requiescebat;
2025 4093 2079 4141 et

504 4200 630 4240 cum
660 4180 838 4237 adhuc
862 4194 957 4236 eos
995 4176 1330 4233 dormientes
1361 4176 1780 4247 reperissemus,
1809 4192 1911 4247 pro
1945 4177 2077 4233 fori-

503 4279 607 4333 bus
628 4272 977 4331 consedimus
1000 4310 1015 4334 ,
1049 4270 1143 4323 ubi
1168 4266 1369 4324 Petrus
1397 4268 1600 4324 talibus
1628 4269 1773 4339 apud
1810 4286 1914 4327 nos
1961 4286 2077 4327 ser-

503 4369 761 4427 monibus
817 4366 1026 4421 utitur:
1052 4361 1250 4417 Audite
1285 4377 1394 4431 me,
1426 4362 1769 4418 dilectissimi
1798 4364 2072 4429 conservi,

2188 3902 2405 3974 cipere,
2439 3910 2756 3972 permaneat
2787 3902 3021 3961 amicus.
3056 3902 3128 3959 Hi
3160 3907 3303 3962 enim
3334 3907 3429 3978 qui
3477 3922 3589 3964 non
3624 3910 3678 3965 id
3701 3925 3763 3967 ex

2188 3993 2353 4050 corde
2380 3994 2687 4065 suscipiunt
2709 4035 2722 4061 ,
2757 4010 2883 4050 cum
2922 3999 3189 4068 coeperint
3238 3998 3383 4057 ferre
3412 4016 3524 4056 non
3562 4019 3761 4074 posse,

2185 4100 2297 4141 non
2328 4087 2502 4143 solum
2535 4088 2803 4158 abjiciunt
2844 4091 2990 4160 quod
3032 4101 3418 4162 susceperant,
3462 4096 3561 4151 sed
3609 4098 3767 4169 quasi

2183 4191 2286 4246 pro
2326 4177 2683 4233 excusatione
2730 4178 3065 4235 infirmitatis
3109 4196 3256 4245 suae,
3296 4182 3571 4255 incipiunt
3624 4188 3766 4243 viam

2182 4271 2467 4343 religionis
2498 4272 2880 4344 blasphemare
2902 4313 2919 4339 ,
2951 4280 3006 4328 et
3036 4276 3178 4331 male
3204 4276 3355 4347 loqui
3396 4277 3465 4334 de
3504 4280 3592 4336 his
3628 4294 3769 4352 quos

2182 4383 2525 4440 nequaquam
2553 4367 2709 4439 sequi
2737 4375 2832 4421 aut
2857 4367 3057 4422 imitari
3086 4376 3402 4439 potuerunt.

504 4464 620 4519 scio
656 4462 784 4532 quia
825 4456 1087 4529 grandem
1135 4454 1350 4510 habetis
1391 4452 1644 4510 aﬂ‘ectum
1686 4469 1814 4525 erga
1865 4465 2076 4526 patrem
2108 4438 2154 4494 Ῑ)
2254 4438 2320 4515 Il.
2362 4438 2447 4514 Ᾰιι
2493 4459 2610 4514 haec
2647 4457 2839 4514 Niceta
2870 4438 3155 4529 respondit
3188 4476 3202 4513 :
3234 4460 3353 4519 Non
3400 4466 3766 4527 eontradico.

501 4558 745 4613 vestrum
764 4595 780 4622 ,
811 4568 1002 4608 νεῐθοι·
1031 4565 1161 4622 ergo
1200 4565 1268 4605 ne
1315 4558 1443 4605 ante
1474 4557 1689 4621 tempus
1716 4564 1839 4605 eum
1880 4567 2075 4622 perur-

502 4648 673 4720 geatis
719 4646 909 4715 jugum
957 4639 1235 4712 religionis
1278 4640 1599 4711 suscipere,
1631 4640 1874 4696 nondum
1910 4641 1978 4696 ad
2021 4643 2077 4698 id

504 4746 756 4809 paratum
781 4774 796 4801 ,
829 4734 896 4788 ad
932 4732 1077 4804 quod
1120 4732 1260 4786 forte
1289 4746 1389 4801 pro
1414 4730 1583 4787 vestri
1621 4731 1797 4801 gratia
1825 4730 2079 4787 videatur

503 4831 874 4900 acquiescere.
909 4825 1015 4881 Sed
1046 4826 1149 4880 hoc
1187 4839 1298 4879 non
1328 4832 1415 4878 est
1459 4825 1705 4891 firmum;
1751 4825 1896 4895 quod
1929 4825 2075 4880 enim

502 4927 725 4991 propter
750 4915 1001 4971 homines
1030 4914 1089 4970 ﬁt
1108 4956 1122 4981 ,
1155 4914 1434 4985 probabile
1462 4929 1572 4969 non
1603 4921 1689 4969 est
1715 4924 1769 4970 et
1799 4915 1910 4969 cito
1937 4915 2076 4970 dila-

502 5011 671 5066 bitur.
703 5007 937 5079 Ideoque
970 5006 1187 5063 videtur
1215 5006 1348 5060 mihi
1370 5045 1385 5071 ,
1413 5012 1473 5060 ut
1506 5005 1820 5061 concedatis
1847 5006 1898 5062 ei
1930 5022 2075 5063 anno

504 5116 612 5157 uno
638 5101 818 5156 vivere
858 5114 957 5170 pro
985 5099 1214 5153 arbitrio
1240 5140 1255 5165 ,
1292 5099 1348 5152 in
1379 5111 1488 5168 quo
1528 5104 1711 5167 potest
1758 5098 1861 5153 iter
1907 5113 2074 5169 agens

501 5196 811 5262 nobiscum,
845 5193 976 5248 dum
1000 5206 1102 5248 nos
1130 5192 1266 5247 alios
1291 5191 1571 5255 docemus,
1607 5191 1771 5247 etiam
1804 5192 1922 5262 ipse
1943 5193 2076 5248 sim-

502 5286 715 5358 pliciter
742 5287 968 5354 audire;
1017 5294 1073 5342 et
1099 5284 1356 5349 audiens,
1391 5284 1659 5355 siquidem
1711 5287 2073 5356 agnoscendae

500 5377 747 5433 veritatis
782 5385 991 5432 rectum
1038 5373 1374 5446 pr0positum
1417 5371 1575 5445 gerit,
1615 5371 1735 5443 ipse
1766 5373 1981 5445 rogabit
2014 5382 2075 5428 ut

501 5469 766 5541 suscipiat
796 5467 1074 5542 religionis
1092 5466 1305 5539 jugum,
1338 5471 1432 5520 aut
1461 5464 1509 5522 si
1534 5479 1645 5519 non
1677 5463 1857 5535 placet
1895 5466 1945 5522 ei
1987 5482 2075 5522 re-

2169 4551 2403 4615 .domine
2441 4550 2517 4604 mi
2551 4549 2741 4615 Petre,
2771 4550 2940 4605 rectis
2966 4559 3023 4605 et
3048 4552 3206 4607 bonis
3233 4554 3476 4610 consiliis
3500 4556 3641 4621 tuis,
3675 4556 3770 4613 sed

2182 4643 2365 4699 dicere
2387 4640 2595 4713 aliquid
2623 4641 2767 4706 volo,
2799 4649 2862 4695 ut
2883 4657 2981 4711 per
3006 4641 3110 4697 hoc
3134 4644 3341 4700 discam
3368 4645 3517 4715 quod
3549 4648 3765 4703 nescio.

2181 4732 2322 4801 Quid
2351 4733 2398 4789 si
2422 4734 2566 4788 intra
2597 4748 2802 4787 annum
2831 4732 2979 4788 hunc
2998 4773 3013 4798 ,
3039 4749 3149 4804 quo
3178 4733 3382 4790 differri
3420 4752 3551 4791 eum
3575 4738 3766 4806 jubes,

2181 4827 2450 4882 moriatur
2480 4834 2642 4896 pater
2665 4825 2898 4879 noster?
2935 4824 3230 4881 descendet
3262 4826 3316 4880 in
3346 4827 3637 4885 infernum
3674 4845 3770 4885 va—

2181 4935 2319 4976 cuus
2350 4927 2404 4975 et
2440 4917 2776 4975 cruciandus
2800 4918 2853 4972 in
2878 4927 3163 4974 aeternum.
3190 4918 3333 4974 Tum
3357 4919 3560 4978 Petrus
3587 4941 3601 4978 :
3639 4925 3769 4978 Am-

2180 5012 2412 5082 plector,
2437 5009 2649 5080 inquit,
2688 5009 2985 5080 benignum
3014 5026 3143 5081 erga
3166 5018 3375 5081 patrem
3412 5016 3767 5084 propositum

2179 5112 2355 5169 tuum,
2386 5108 2443 5158 et
2463 5102 2690 5172 ignosco
2704 5100 2810 5155 tibi
2834 5101 2901 5155 de
2926 5103 3011 5158 bis
3039 5118 3162 5173 quae
3191 5103 3597 5174 ignoras.Quid
3616 5107 3768 5162 enim

2177 5209 2392 5259 censes,
2428 5192 2557 5263 quia
2589 5193 2636 5248 si
2661 5193 2786 5265 quis
2806 5202 3033 5263 putatur
3052 5193 3202 5262 juste
3229 5193 3454 5259 vixisse,
3490 5195 3602 5251 iste
3633 5210 3769 5250 con-

2180 5285 2333 5340 tinuo
2360 5284 2697 5341 salvabitur?
2737 5283 2858 5339 Non
2898 5292 3060 5355 putas
3083 5300 3207 5341 eum
3245 5283 3670 5341 discutiendum
3698 5287 3766 5341 ab

2178 5392 2242 5433 eo
2271 5376 2366 5448 qui
2394 5378 2609 5433 occulta
2639 5376 2923 5433 hominum
2952 5378 3141 5443 novit,
3172 5377 3446 5451 quomodo
3481 5378 3644 5449 juste
3683 5378 3767 5432 vi-

2177 5472 2353 5543 xerit,
2379 5486 2448 5526 ne
2480 5469 2622 5526 forte
2659 5469 2768 5527 ritu
2798 5470 3086 5544 gentilium
3116 5471 3220 5545 (6),
3253 5470 3525 5527 institutis
3559 5485 3761 5528 eorum

1817 5605 2177 5664 COTELEBII
2209 5562 2441 5666 ΝΟΤᾸέ.

684 5747 963 5836 ξαιιεςειυνία
991 5762 1126 5836 πιξα.
1144 5719 1506 5836 nomen;
1536 5745 1647 5803 Res
1672 5746 1964 5836 satits‘ppta
1984 5748 2066 5802 vel
2101 5718 2453 5803 mediocriter
2483 5745 2730 5801 eruditis.
2778 5750 2784 5756 ’

574 5809 652 5881 (6)
688 5814 997 5879 Gentilium,
1032 5817 1137 5870 hoc
1160 5826 1244 5870 est
1273 5809 1567 5887 ὁμοϊθνῶν,
1595 5829 1702 5869 non
1742 5809 2026 5879 Ἑλλήνων.
