4036 6252
317 303 339 356 Ι
350 301 442 356 421

1536 291 2098 354 RECOGNITIONUM
2133 295 2260 353 LIB.
2299 294 2362 353 Χ.

3422 299 3558 354 Hii

313 427 368 476 et
395 417 604 488 legibus
633 431 866 488 parens,
896 415 979 470 vel
1007 429 1107 484 pro
1137 413 1396 468 amicitiis
1431 414 1711 468 hominum
1735 455 1748 478 ,
1783 421 1876 467 aut
1904 421 1952 476 Α
1981 413 2123 467 sicut
2147 412 2301 482 prius
2326 409 2442 464 dixi
2463 450 2477 473 ,
2502 409 2799 478 permittite
2821 426 2944 464 eum
2975 411 3076 467 iter
3100 422 3347 484 agentem
3372 416 3559 471 uobis-

315 525 416 580 pro
459 507 575 564 sola
614 507 1012 564 consuetudine
1051 513 1146 561 aut
1183 507 1429 577 qualibet
1467 508 1573 560 alia
1613 523 1678 561 ex
1717 522 1884 560 causa

316 603 402 657 vel
448 603 804 664 necessitate,
857 609 911 654 et
962 616 1074 655 non
1125 610 1347 672 propter
1396 603 1567 672 ipsam
1614 602 1884 672 justitiam

316 709 495 764 neque
547 701 769 764 propter
821 691 1042 747 Deum?
1092 694 1196 759 Qui
1245 695 1392 748 enim
1437 703 1660 766 propter
1709 695 1884 750 solum

316 785 487 840 Deum
545 794 598 840 et
645 785 916 853 justitiam
971 786 1091 854 ejus
1138 787 1283 856 juste
1335 787 1610 849 vixerint,
1669 788 1771 858 ipsi
1821 786 1888 840 ad

320 887 578 936 aeternam
626 879 867 946 requiem
907 878 1126 932 venient
1173 887 1226 933 et
1270 881 1681 950 perpetuitatem
1734 881 1888 950 regni

320 972 562 1027 caelestis
603 971 890 1040 accipient.
927 969 1086 1025 Salus
1124 972 1266 1025 enim
1308 988 1416 1026 non
1454 975 1506 1027 vi
1557 974 1884 1043 acquiritur,

320 1063 416 1121 sed
459 1064 740 1128 libertate,
785 1078 884 1118 nec
923 1079 1020 1132 per
1048 1063 1330 1118 hominum
1364 1065 1617 1134 gratiam,
1664 1066 1756 1120 sed
1794 1081 1890 1135 per

320 1146 415 1211 Dei
447 1155 624 1209 fidem.
654 1154 789 1209 Tum
817 1165 1077 1225 prmterea
1107 1158 1345 1228 cogitare
1369 1158 1563 1222 debes,
1590 1157 1718 1228 quia
1745 1157 1889 1212 Deus

319 1250 584 1319 praescius
611 1257 694 1304 est
735 1257 788 1303 et
825 1249 977 1304 novit
1009 1250 1055 1305 si
1088 1250 1177 1305 hic
1209 1267 1344 1306 suus
1375 1258 1499 1316 est;
1536 1251 1681 1321 quod
1713 1251 1758 1306 si
1789 1267 1890 1305 no-

321 1343 399 1396 vit
438 1359 564 1398 eum
605 1358 714 1396 non
747 1359 910 1408 esse,
961 1343 1092 1415 quid
1133 1343 1398 1399 faciemus
1441 1345 1508 1398 ad
1553 1360 1616 1399 ea
1660 1360 1780 1414 qua:
1821 1361 1889 1398 ex

322 1435 480 1489 initio
513 1442 717 1488 statuta
753 1444 882 1489 sunt
909 1436 977 1489 ab
1008 1436 1116 1490 eo?
1153 1435 1213 1488 ln
1258 1451 1368 1505 quo
1408 1443 1591 1490 autem
1629 1451 1889 1505 possum,

323 1529 612 1584 consilium
647 1528 753 1594 do;
787 1544 910 1582 cum
942 1528 1284 1597 evigilaverit
1325 1536 1380 1584 et
1425 1529 1764 1594 sederimus,
1797 1545 1892 1584 vos

323 1622 484 1692 quasi
527 1620 736 1690 aliquid
779 1620 992 1677 discere
1029 1622 1310 1685 volentes,
1357 1622 1650 1692 proponite
1694 1638 1759 1676 ex
1804 1621 1893 1678 his

323 1713 589 1769 duntaxat
618 1710 740 1783 qua:
769 1713 847 1767 illi
878 1712 1098 1783 expedit
1129 1712 1370 1774 discere,
1403 1720 1456 1767 et
1487 1713 1615 1767 dum
1661 1727 1760 1766 nos
1812 1712 1892 1766 lo.

1989 521 2113 559 cum
2155 503 2342 557 audire
2382 516 2484 556 nos
2514 501 2719 572 aliquid
2759 501 3134 570 disputantes;
3175 504 3271 559 sed
3299 506 3557 573 quoniam

1990 595 2313 651 festinantes
2358 610 2456 648 vos
2500 594 2644 659 vidi,
2693 593 2899 647 idcirco
2935 593 3045 648 dixi
3094 599 3557 667 opportunitatem

1990 689 2374 760 quarendam;
2409 704 2570 758 quam
2601 703 2725 740 cum
2761 686 2973 741 dederit
3003 686 3174 751 Deus,
3207 707 3304 744 vos
3337 708 3577 760 quoquc-

1991 781 2058 837 ad
2106 797 2168 836 ea
2220 797 2340 850 qua:
2394 780 2587 833 dixero
2627 780 2998 848 obtemperate
3037 781 3189 834 mihi.
3229 781 3352 837 llaec
3405 783 3561 838 nobis

1992 873 2511 934 sermocinantibus,
2544 873 2686 926 venit
2714 888 2846 942 puer
2872 871 3061 927 dicens
3086 875 3310 944 vigilare
3333 879 3443 946 jam
3477 892 3562 945 pa-

1992 974 2128 1020 trem
2155 984 2168 1032 ;
2202 975 2254 1020 et
2286 980 2408 1020 cum
2438 964 2697 1018 vellemus
2729 962 2938 1032 ingredi
2972 963 3039 1016 ad
3069 979 3193 1016 eum
3215 1002 3230 1027 ,
3271 965 3385 1032 ipse
3417 966 3563 1018 venit

1993 1060 2059 1114 ad
2091 1073 2213 1121 nos,
2245 1064 2297 1111 et
2322 1057 2510 1110 osculo
2533 1071 2633 1110 nos
2665 1058 2938 1119 salutans,
2975 1071 3096 1108 cum
3133 1056 3560 1122 resedissemus,

1994 1153 2102 1207 ait:
2143 1151 2363 1204 Licetne
2406 1148 2800 1217 percunctari,
2847 1147 2892 1202 si
2937 1148 3069 1217 quid
3111 1149 3252 1202 volet
3294 1150 3446 1218 quis,
3494 1167 3564 1203 an

1994 1245 2293 1299 secundum
2335 1242 2727 1313 Pythagoricos
2767 1241 3059 1295 tacendum
3097 1258 3308 1311 semper
3346 1245 3470 1296 est?
3499 1243 3567 1298 Et

1993 1333 2226 1387 Petrus:
2263 1331 2372 1385 Nos
2406 1348 2506 1386 nec
2547 1333 2706 1386 silere
2746 1331 3188 1402 semper,'neque
3221 1335 3566 1402 percunctari

1994 1423 2241 1491 cogimus
2264 1420 2582 1476 accedentes
2599 1422 2664 1474 ad
2684 1437 2805 1484 nos,
2825 1421 2919 1475 sed
2941 1422 3300 1490 relinquimus
3324 1425 3566 1491 ipsorum

1993 1511 2233 1565 libertati
2263 1513 2440 1566 facere
2466 1522 2523 1565 ut
2546 1513 2755 1576 volunt,
2795 1513 3031 1568 scientes
3061 1513 3207 1582 quod
3243 1516 3336 1584 qui
3377 1531 3566 1569 curam

1996 1604 2134 1673 gerit
2162 1604 2355 1658 salutis
2382 1619 2516 1668 suae,
2572 1605 2618 1658 si
2666 1605 2721 1657 in
2761 1613 2914 1673 parte
2959 1605 3142 1674 aliqua
3185 1607 3348 1660 sentit
3375 1608 3570 1660 animae

1999 1709 2110 1749 sua:
2146 1694 2387 1750 dolorem
2407 1735 2421 1760 ,
2453 1705 2636 1750 tacere
2664 1711 2774 1749 non
2805 1696 3030 1765 patitur.
3059 1696 3160 1762 Qui
3194 1713 3319 1751 vero
3347 1699 3572 1767 negligit

324 1807 544 1876 quimur
576 1806 717 1861 inter
739 1820 840 1862 nos
860 1846 874 1870 ,
900 1805 989 1860 ille
1019 1805 1341 1860 instruetur.
1380 1803 1483 1859 Sed
1513 1812 1691 1858 tamen
1721 1805 1897 1874 primo
1928 1792 1972 1851 Β
2002 1789 2232 1843 salum"
2263 1804 2440 1853 suam:
2477 1790 2522 1844 Si
2569 1790 2907 1858 ἱηιθτνοείηε
2937 1799 3182 1859 εοεειιπ,
3215 1791 3351 1844 nihil
3378 1807 3442 1844 ex
3468 1792 3569 1844 110“-

326 1899 592 1970 quiescite
614 1939 628 1962 ,
663 1909 723 1951 ut
751 1898 798 1952 si
830 1897 969 1954 forte
999 1899 1115 1968 ipse
1145 1898 1395 1953 videatur
1423 1899 1629 1968 aliquid
1661 1898 1895 1953 interro-

327 2007 496 2062 gare;
528 1990 675 2060 quod
707 1991 753 2045 si
788 1989 1006 2053 fecerit,
1058 1991 1236 2059 aptior
1277 1989 1382 2044 erit
1420 1990 1692 2045 sermonis
1731 2005 1895 2044 occa-

327 2084 444 2150 sio;
480 2083 528 2138 si
562 2098 691 2138 vero
731 2083 848 2153 ipse
889 2083 1026 2136 nihil
1065 2082 1291 2152 quaerit,
1341 2097 1442 2138 nos
1488 2083 1555 2136 ab
1598 2083 1893 2149 alterutro,

328 2176 472 2234 sicut
515 2176 655 2237 dixi,
702 2175 914 2232 discere
963 2175 1167 2245 aliquid
1219 2175 1462 2229 volentes
1517 2189 1770 2244 rogemus
1817 2174 1898 2226 vi-

327 2269 537 2324 cissim.
583 2267 712 2321 Mihi
757 2268 830 2321 ita
867 2267 1105 2332 videtur,
1133 2267 1300 2322 etiam
1334 2266 1489 2322 vobis
1519 2265 1649 2336 quid
1683 2267 1897 2338 placeat

328 2357 518 2414 dicite.

399 2451 486 2506 ΙΙΙ.
526 2449 776 2520 Cumque
828 2448 1297 2505 collaudassemus
1337 2450 1455 2520 eius
1505 2458 1712 2505 rectum
1765 2465 1898 2503 con-

330 2542 514 2597 silium
539 2582 553 2605 ,
585 2557 689 2613 ego
721 2541 975 2597 Clemens
1014 2543 1102 2596 aio
1133 2561 1146 2597 :
1190 2541 1248 2596 In
1286 2542 1541 2597 omnibus
1576 2543 1740 2597 rebus
1779 2544 1899 2613 plu-

329 2633 467 2686 rima
500 2649 566 2687 ex
599 2643 752 2704 parte
783 2633 852 2688 ad
884 2635 1101 2688 initium
1132 2635 1359 2705 respicit
1393 2635 1519 2691 ﬁnis
1542 2675 1555 2699 ,
1589 2635 1900 2705 similisque

329 2725 616 2795 principiis
660 2742 844 2782 rerum
896 2729 1078 2782 exitus
1118 2727 1318 2792 datur;
1375 2743 1537 2797 spero
1579 2744 1709 2797 ergo
1737 2730 1900 2783 etiam

332 2817 481 2870 circa
513 2829 720 2886 patrem
757 2826 1007 2873 nostrum
1035 2859 1049 2882 ,
1085 2821 1344 2889 quoniam
1377 2835 1474 2888 per
1506 2829 1556 2873 te
1585 2819 1729 2875 Deus
1759 2821 1901 2874 bona

333 2908 491 2963 initia
530 2908 719 2974 dedit,
751 2909 836 2965 his
868 2925 1167 2982 congruum
1198 2926 1363 2981 seque
1391 2911 1614 2982 dignum
1641 2913 1905 2983 largietur

1997 1882 2217 1935 utilitati
2240 1881 2361 1951 ejus
2390 1880 2692 1945 confertur,
2717 1881 2822 1935 nisi
2853 1881 2954 1934 hoc
2981 1882 3263 1951 solum,_ut
3290 1883 3571 1936 studiosus

1997 1988 2119 2028 esse
2170 1973 2423 2028 videatur
2455 1982 2511 2029 et
2562 1973 2814 2044 diligens.
2846 1974 3209 2039 Quamobrem
3250 1983 3309 2029 tu
3355 1975 3400 2029 si
3438 1975 3571 2046 quid

1997 2066 2210 2121 discere
2239 2067 2342 2132 vis,
2374 2065 2611 2137 require.

2067 2157 2133 2214 V.
2168 2158 2232 2212 Et
2259 2175 2423 2214 senex
2460 2160 2534 2212 ait
2568 2176 2578 2210 :
2613 2158 2706 2212 Est
2735 2159 2956 2230 quidam
2984 2177 3165 2216 sermo
3189 2163 3329 2233 apud
3355 2162 3574 2220 Graeco-

1998 2266 2119 2305 rum
2153 2251 2508 2322 philosophos
2534 2253 2610 2324 (7)
2651 2254 2950 2310 vehemens
2988 2255 3165 2320 valde,
3201 2257 3295 2325 qui
3328 2258 3484 2322 dicit,
3519 2259 3572 2312 in

1997 2346 2110 2401 vita
2149 2345 2431 2399 hominum
2482 2362 2540 2400 re
2585 2347 2701 2416 ipsa
2734 2364 2910 2417 neque
2953 2349 3157 2403 bonum
3193 2365 3315 2404 esse
3343 2352 3572 2416 aliquid,

2000 2455 2176 2509 neque
2209 2440 2445 2506 malum;
2478 2439 2572 2494 sed
2604 2456 2724 2510 qua:
2760 2441 3017 2495 videntur
3051 2443 3364 2498 hominibus
3391 2459 3494 2498 usu
3523 2452 3578 2499 et

2001 2531 2399 2587 consuetudine
2429 2534 2720 2601 praeventis
2748 2534 2893 2599 vitai,
2930 2535 3043 2589 haec
3086 2545 3179 2588 aut
3213 2538 3356 2592 mala
3387 2537 3580 2592 dicunt

2001 2631 2094 2678 aut
2138 2624 2297 2678 bona.
2339 2623 2476 2677 Nam
2521 2641 2694 2694 neque
2737 2625 3091 2680 homicidium
3133 2644 3324 2683 revera
3372 2632 3577 2686 malum

2000 2721 2103 2779 est,
2137 2713 2263 2785 quia
2288 2715 2525 2767 animam
2549 2716 2784 2770 vinculis
2815 2718 2996 2773 carnis
3028 2719 3295 2785 absolvit;
3321 2722 3578 2790 denique,

2003 2807 2175 2870 aiunt,
2209 2818 2262 2860 et
2299 2806 2435 2875 justi
2467 2806 2668 2876 quique
2704 2808 2920 2876 judices
2959 2817 3250 2877 peccantes
3283 2812 3577 2880 perimunt.

2003 2897 2160 2966 Quod
2193 2898 2237 2952 si
2264 2899 2622 2952 homicidium
2657 2901 2862 2954 scirent
2899 2904 3102 2955 malum
3143 2919 3296 2968 esse,
3329 2919 3440 2957 non
3472 2907 3580 2959 uti-

333 3007 385 3054 et
412 2999 590 3054 finem.
615 2999 996 3058 Verumtamen
1021 3003 1186 3058 etiam
1210 3005 1344 3059 illud
1373 3021 1626 3076 suggero,
1645 3007 1712 3072 si,
1737 3015 1798 3060 ut
1820 3007 1900 3062 di-

2003 3005 2108 3059 que
2151 2988 2206 3043 id
2246 2987 2383 3058 justi
2417 2989 2669 3046 homines
2712 2991 2973 3048 facerent.
3014 2992 3200 3063 Neque
3247 2995 3577 3052 adulterium

333 3089 495 3156 xisti,
527 3091 884 3160 cmperimus,
917 3102 1184 3162 praesente
1221 3103 1408 3164 patre,
1441 3097 1599 3166 quasi
1628 3097 1772 3151 inter
1801 3113 1902 3153 nos

2005 3083 2209 3136 malum
2235 3097 2356 3138 esse
2384 3083 2573 3138 dicunt
2599 3103 2611 3137 :
2643 3085 2688 3139 si
2712 3086 2855 3139 enim
2887 3086 3098 3156 ignoret
3113 3088 3197 3142 vir
3222 3097 3315 3143 aut
3347 3106 3456 3144 non
3483 3107 3581 3145 cu-

334 3181 541 3250 aliquid
575 3182 844 3236 tractandi
876 3184 960 3237 vel
995 3163 1242 3239 discendi
1278 3163 1474 3257 gratia—
1491 3189 1636 3259 loqui
1662 3230 1679 3253 ,
1730 3198 1786 3244 tu
1827 3192 1900 3246 mi
1930 3163 1976 3226 Ο
2008 3181 2114 3237 reti
2145 3175 2303 3239 nihil:
2340 3175 2512 3240 “ium:
2547 3176 2677 3228 m3“
2711 3186 2814 3231 θεῖ·
2857 3175 2962 3232 Sed
3001 3195 3179 3249 neque
3216 3179 3420 3234 ἷυηυῐη
3465 3199 3582 3236 "13'

334 3273 554 3329 domine
587 3275 749 3330 Petre
769 3315 784 3340 ,
817 3291 926 3330 non
966 3277 1135 3332 debes
1159 3295 1282 3333 eum
1312 3281 1489 3334 locum
1520 3297 1681 3352 agere
1701 3325 1715 3348 ,
1744 3289 1905 3354 quasi

336 3365 428 3433 qui
451 3363 661 3420 discere
687 3364 890 3434 aliquid
914 3364 1116 3423 debeas
1141 3387 1156 3435 ;
1177 3369 1281 3422 hoc
1303 3369 1446 3423 enim
1474 3371 1518 3425 si
1545 3372 1759 3438 videat,
1792 3373 1905 3429 for-

335 3465 482 3512 tasse
510 3458 686 3528 magis
721 3457 1026 3514 offendetur
1051 3501 1067 3525 ,
1111 3468 1296 3517 certus
1333 3471 1417 3517 est
1454 3463 1599 3517 enim
1635 3472 1688 3517 te
1726 3467 1906 3519 omnia

335 3551 480 3606 scire
508 3551 816 3620 diligenter,
849 3553 996 3608 sicut
1027 3560 1080 3608 et
1111 3570 1238 3609 vere
1263 3563 1366 3610 est.
1401 3554 1570 3620 Quale
1605 3571 1735 3626 ergo
1766 3557 1904 3624 erit,

335 3643 383 3697 si
413 3651 466 3697 te
495 3643 677 3699 videat
706 3646 1068 3714 ignorantiam
1096 3647 1490 3702 simulantem?
1518 3646 1631 3702 Hoc
1660 3664 1783 3702 eum
1805 3688 1820 3712 ,
1850 3658 1908 3704 ut

335 3733 481 3797 dixi,
529 3735 701 3806 magis
750 3736 944 3790 laedere
977 3738 1207 3807 poterit,
1245 3737 1583 3792 nescientem
1618 3738 1908 3793 consilium

334 3833 512 3880 tuum.
543 3824 648 3880 Sed
674 3843 773 3882 nos
801 3828 1021 3896 quidem
1058 3828 1255 3885 fratres
1285 3829 1426 3884 inter
1463 3845 1567 3884 nos
1596 3845 1905 3886 sermonem

335 3919 634 3980 habentes.
675 3921 719 3974 si
752 3921 804 3973 in
840 3923 1023 3992 aliquo
1062 3920 1410 3986 dubitemus,
1449 3939 1480 3976 a
1521 3931 1574 3978 te
1619 3925 1908 3993 quaestioni

336 4020 538 4066 nostra:
591 4011 714 4066 linis
762 4027 1038 4084 congruus
1086 4014 1289 4081 detur;
1323 4029 1448 4068 nam
1488 4023 1542 4069 et
1589 4015 1636 4068 si
1682 4023 1734 4069 te
1772 4031 1909 4069 cun-

335 4109 576 4157 ctantem
604 4103 784 4158 videat
813 4111 907 4158 aut
933 4103 1268 4160 dubitantem
1295 4146 1310 4171 ,
1345 4114 1476 4160 tunc
1503 4121 1629 4160 vere
1658 4106 1866 4177 putabit
1890 4146 1905 4170 ,

339 4193 487 4265 quod
520 4195 663 4264 apud
694 4197 904 4251 nullum
936 4197 1042 4253 erit
1074 4199 1304 4254 scientia
1335 4199 1601 4254 veritatis.

411 4287 501 4342 IV.
552 4287 619 4341 Et
668 4287 863 4345 Petrus
912 4290 977 4344 ad
1029 4291 1144 4345 hac
1201 4289 1528 4361 respondit:
1578 4290 1907 4345 Omittamus

339 4382 455 4437 huic
477 4421 491 4445 ,
522 4390 574 4437 et
606 4384 652 4436 si
682 4382 900 4454 quidem
933 4382 1158 4453 dignum
1215 4392 1299 4438 est
1337 4392 1396 4437 ut
1436 4383 1774 4454 ingrediatur
1817 4382 1907 4450 ja-

340 4489 504 4530 nuam
535 4477 686 4539 vitae,
722 4474 865 4531 Deus
895 4476 1243 4531 occasionem
1282 4485 1681 4547 competentem
1717 4475 1904 4540 dabit,

2007 3265 2119 3320 lum
2165 3282 2328 3322 esse:
2363 3267 2510 3337 quod
2539 3267 2684 3322 enim
2731 3268 2881 3324 deest
2920 3271 3105 3338 alicui,
3157 3274 3334 3327 aufert
3365 3275 3428 3328 at
3473 3276 3580 3328 alio

2006 3360 2100 3428 qui
2149 3360 2344 3423 habet,
2379 3360 2524 3430 quod
2568 3361 2786 3430 quidem
2829 3365 3112 3432 oportebat
3151 3366 3319 3421 libere
3351 3369 3491 3420 sumi
3528 3375 3582 3422 et

2005 3453 2257 3524 publice;
2293 3453 2388 3506 sed
2419 3455 2547 3523 quia
2580 3456 2794 3508 occulte
2819 3456 2898 3518 fit,
2932 3457 2987 3510 in
3025 3457 3127 3510 hoc
3168 3460 3342 3529 magis
3375 3460 3520 3514 illius
3550 3475 3582 3515 a

2007 3562 2116 3617 quo
2147 3547 2285 3600 clam
2322 3546 2569 3599 aufertur
2601 3547 2977 3602 inhumanitas
3015 3550 3381 3620 redarguitur.
3419 3551 3582 3605 Com-

2009 3640 2193 3693 munis
2226 3639 2371 3692 enim
2405 3654 2537 3693 usus
2566 3640 2810 3693 omnium
2836 3657 2956 3710 quae
2983 3652 3112 3696 sunt
3136 3643 3190 3697 in
3221 3644 3325 3698 hoc
3355 3646 3580 3710 mundo,

2009 3731 2263 3785 omnibus
2284 3745 2407 3785 esse
2431 3731 2742 3787 hominibus
2764 3731 2982 3801 debuit;
3007 3735 3100 3789 sed
3124 3751 3220 3804 per
3243 3737 3581 3806 iniquitatem

2009 3822 2149 3878 alius
2177 3823 2280 3876 hoc
2310 3839 2469 3878 suum
2499 3824 2631 3878 dicit
2657 3840 2805 3893 esse,
2828 3836 2880 3879 et
2903 3827 3043 3881 alius
3069 3829 3221 3894 illud,
3250 3837 3302 3884 et
3330 3832 3411 3884 sic
3443 3832 3584 3885 inter

2011 3917 2272 3971 mortales
2301 3916 2504 3971 divisio
2543 3916 2686 3971 facta
2723 3925 2825 3975 est.
2859 3918 3103 3989 Denique
3134 3920 3444 3976 Graecinum
3470 3925 3584 3993 qui-

2013 4011 2138 4065 dam
2194 4009 2636 4080 sapientissimus
2682 4011 2757 4082 (8)
2804 4011 2918 4066 haec
2963 4013 3036 4066 ita
3070 4016 3251 4070 sciens
3290 4032 3447 4082 esse,
3483 4021 3579 4081 ait,

2009 4105 2323 4160 communia
2353 4104 2551 4159 debere
2573 4120 2696 4159 esse
2729 4105 3031 4160 amicorum
3063 4109 3284 4176 omnia;
3319 4113 3372 4164 in
3404 4114 3582 4167 omni-

2011 4202 2117 4257 bus
2155 4209 2336 4256 autem
2375 4210 2505 4256 sunt
2547 4203 2664 4256 sine
2710 4202 2874 4256 dubio
2903 4213 2957 4256 et
3001 4202 3280 4273 conjuges.
3325 4202 3391 4256 Et
3438 4206 3582 4258 sicut

2011 4309 2121 4347 non
2153 4300 2353 4362 potest,
2389 4292 2585 4362 inquit,
2615 4292 2782 4346 dividi
2813 4308 2907 4346 aer
2931 4308 3107 4362 neque
3140 4293 3397 4362 splendor
3425 4295 3579 4356 solis,

2012 4387 2086 4439 ita
2112 4401 2214 4441 nec
2246 4385 2454 4455 reliqua
2487 4400 2608 4455 quae
2636 4385 3003 4439 communiter
3028 4387 3084 4440 in
3108 4387 3210 4440 hoc
3230 4385 3434 4440 mundo
3455 4388 3582 4441 data

2013 4485 2143 4532 sunt
2195 4477 2454 4533 omnibus
2504 4477 2571 4531 ad
2625 4476 2974 4540 habendum,
3019 4477 3187 4532 dividi
3230 4477 3448 4541 debere,
3484 4479 3581 4533 sed

343 4569 554 4638 eritque
581 4568 799 4624 initium
826 4584 894 4625 ex
922 4568 1035 4625 Deo
1063 4578 1118 4625 et
1149 4585 1257 4624 non
1293 4586 1357 4626 ex
1390 4544 1630 4626 homine.
1667 4569 1734 4622 Et
1765 4569 1906 4632 ideo,
1939 4544 1984 4597 D
2014 4569 2263 4624 habenda
2293 4585 2416 4624 esse
2442 4569 2771 4624 communia.
2808 4568 2932 4623 Haec
2977 4575 3158 4624 autem
3187 4569 3382 4623 dicere
3409 4569 3577 4633 volui,

1673 4747 2038 4805 COTELERII
2081 4747 2313 4802 ΝΟΤᾹΞ.

421 4929 494 5001 (ἶ)
538 4929 629 4983 Est
649 4931 862 5001 quidam
892 4947 1059 4985 sermo
1077 4929 1216 5001 apud
1234 4930 1540 5001 Grazcorumi
1556 4930 1906 5000 philosOpIzos.

343 4993 690 5063 Arclielauni,
722 5002 1071 5072 Cyrenaicos.
1103 4993 1444 5056 Theodorum
1486 4993 1663 5064 ἇθὲον,
1695 4993 1910 5072 ριἸςνγτ-

346 5072 568 5124 rhonios
600 5091 612 5124 :
643 5071 873 5141 quorum
901 5073 1165 5127 insaniam
1199 5072 1367 5126 secuti
1400 5079 1526 5126 sunt
1558 5081 1740 5140 postea
1765 5071 1903 5125 Gno-

345 5141 671 5210 stici.Atque
690 5144 791 5196 huc
807 5143 1095 5211 pertinebit
1121 5143 1338 5212 elegans
1356 5142 1760 5212 Apoplithegma
1785 5142 1910 5196 Hie-

346 5213 511 5265 roclis
538 5215 760 5266 relatum
798 5214 852 5266 in
887 5214 1071 5282 Agellii
1121 5211 1374 5267 Noctibus
1404 5211 1512 5267 lib.
1547 5228 1620 5274 ix,
1654 5231 1702 5267 c.
1737 5213 1788 5272 5.
1823 5215 1909 5268 his

347 5283 526 5352 verbis
557 5302 569 5336 ε
598 5283 806 5337 Taurus
854 5293 1026 5338 autem
1072 5283 1486 5352 noster,quoties
1535 5282 1678 5350 facta
1718 5285 1909 5336 mentio

347 5351 564 5425 Epicuri
609 5364 762 5425 esset,
792 5354 848 5425 in
893 5369 980 5407 ore
1014 5363 1167 5422 atque
1196 5355 1249 5408 in
1278 5351 1458 5425 lingua
1502 5352 1720 5407 habebat
1759 5355 1912 5407 verba

339 5423 457 5494 llaec
494 5421 749 5494 Hieroclis
782 5423 967 5488 Stoici,
999 5421 1095 5477 viri
1136 5425 1306 5483 simcti
1344 5421 1390 5479 et
1431 5425 1649 5494 gravis:
1693 5425 1909 5488 Ἡδονῆς

343 5492 496 5567 alio;
538 5493 741 5567 πέρνης
779 5494 972 5567 δργμα.
1004 5495 1117 5547 Οὐκ
1145 5495 1260 5548 ἔστι
1284 5492 1507 5567 πορνεία
1522 5493 1681 5567 γοὺδὲν
1711 5495 1914 5566 πόρνης

344 5562 540 5636 bonum
575 5562 890 5636 Dummodo
923 5579 991 5619 ex
1024 5579 1161 5636 mea
1218 5562 1473 5636 opinione
1520 5566 1592 5618 ita
1655 5562 1909 5636 legatur:

360 5582 540 5632 ηγμα.
576 5582 878 5620 uummouo
923 5582 991 5619 ex
1043 5582 1161 5617 mea
1218 5582 1473 5688 ogimone
1520 5582 1592 5618 Ita
1655 5582 1909 5636 tegatur:

360 5631 994 5718 ξῌδονὴ,τέλος;.πόρνης
1018 5633 1253 5718 φημι,
1291 5636 1358 5718 ἰέκ
1399 5635 1514 5688 ἐστι
1539 5636 1786 5718 πορνεία
1824 5637 1912 5689 οὑ-

343 5701 463 5777 ᾷέν·
498 5701 706 5777 πόρνης
726 5701 920 5776 Genua.
938 5701 1188 5777 Voluptas
1216 5701 1672 5777 βῃὶδ;ηιενεινὶεἱδ
1699 5707 1912 5777 dogma.

349 5770 603 5834 Stupruin
633 5770 764 5828 nihil
791 5770 868 5831 est
887 5794 908 5840 _:
933 5770 1223 5829 meretricis
1244 5775 1454 5844 dogma.
1491 5779 1555 5828 At
1587 5779 1704 5831 viro
1734 5770 1914 5844 niagni

2015 4930 2218 4999 ingenii
2250 4944 2563 4999 magnaeque
2584 4928 2843 4982 doctrinae
2864 4927 3058 4982 Joauni
3082 4929 3356 4983 Pearsono
3374 4930 3426 4984 in
3450 4931 3585 4987 Pro-

2016 5001 2313 5070 legomenis
2362 5000 2427 5053 ad
2487 5000 2787 5053 Hieroclem
2827 4999 3041 5053 videtur
3087 5001 3286 5070 corrigi
3337 5002 3580 5057 delere:

2024 5070 2210 5141 Ἡδονὴ
2237 5071 2385 5142 τέλος
2405 5089 2417 5099 ·
2438 5071 2640 5142 πόρνης
2667 5070 2858 5142 δόγμα.
2880 5071 2991 5122 Οὐκ
3020 5070 3134 5123 ἔστι
3156 5071 3376 5142 πρόνοια
3401 5073 3551 5126 οὐδέν
3567 5091 3578 5102 ·

2011 5140 2215 5213 πόρνης
2241 5140 2432 5211 δόγμα.
2450 5141 2685 5210 EjuSque
2718 5141 3001 5194 lectionem
3034 5140 3211 5194 firmat
3242 5146 3411 5197 codex
3444 5143 3582 5198 Tor-

2009 5228 2301 5268 DIESIIIIIUS.

2006 5307 2011 5316 -
2083 5285 2159 5364 (8_)
2201 5281 2501 5364 (ira’corum
2544 5281 2777 5364 .quidam
2826 5282 3582 5364 sgpientiss_iiuus.ASocrates

2013 5351 2155 5424 apud
2213 5352 2492 5407 Platonem
2544 5351 2599 5406 in
2658 5367 2821 5424 opere
2850 5352 2928 5406 De
2965 5353 3249 5422 republica.
3284 5351 3433 5421 Quos
3464 5357 3584 5410 ideo

2012 5423 2250 5495 arguunt
2280 5425 2495 5494 plurimi
2527 5442 2540 5478 :
2576 5423 2867 5495 defendere
2894 5440 3022 5478 vero
3063 5430 3332 5478 conantur
3365 5428 3491 5492 alii;
3526 5436 3584 5480 ut

2016 5493 2230 5550 discere
2251 5493 2428 5578 estex
2448 5495 2678 5578 lectione
2692 5493 2996 5578 Qlementig
3011 5495 3362 5578 Alexandrini
3380 5495 3592 5578 Stravit:

2017 5582 2101 5628 ιιι,
2135 5581 2254 5648 pag.
2278 5565 2414 5646 _4'50,
2573 5583 2593 5648 ;'
2617 5564 2834 5618 Arriani
2949 5564 3183 5634 Epicteto
3208 5567 3300 5622 lib.
3334 5583 3394 5650 tt,
3428 5583 3476 5624 c.
3510 5567 3582 5636 ι;

2019 5637 2328 5717 [suetam-tn
2361 5634 2654 5717 Fugitt'ms;
2687 5635 3315 5717 Eusebti_Pra:p._evan7.
3350 5639 3582 5717 lib_._xm,

2021 5723 2070 5764 c.
2110 5707 2210 5772 l9;
2240 5704 2580 5778 Theodoritiﬁ
2598 5704 2858 5778 Sermone
2900 5707 2975 5760 De
3020 5707 3238 5778 legibus,
3271 5704 3338 5765 ac
3385 5709 3584 5766 Hiceta:

2021 5779 2299 5835 Choniataz
2325 5779 2414 5833 lib.
2451 5795 2505 5832 tv
2538 5777 2813 5840 Thesauri,
2843 5794 2892 5832 ο.
2933 5779 3020 5836 10.
