4022 6274
536 291 679 347 14⁸33

1393 282 1447 335 S.
1482 275 1874 335 ειελιΕΝτιδ
1908 275 1926 327 ι
1960 270 2125 326 ΒΟΞῙ.
2163 266 2363 324 ΡΟΝΤ.
2400 265 2625 321 OPERA
2663 263 2889 320 DUBIA.

3646 262 3781 316 HM

520 407 779 479 quoniam
804 402 1023 474 quidem
1052 400 1215 468 cupio
1237 411 1324 451 me
1359 396 1623 450 inclinare
1650 391 1716 445 ad
1753 392 1892 447 bene
1921 403 2086 457 θεαι-
2114 391 2162 446 Α
2216 398 2338 453 qua:
2372 382 2509 435 mala
2535 397 2661 437 esse
2693 379 2847 479 apud.
2861 380 3134 433 neminem
3160 375 3654 479 dubitatum-Non
3688 380 3784 436 tibi

520 468 673 563 dum,
702 503 755 551 et
786 468 895 549 non
931 503 1155 564 possum
1188 489 1327 543 bene
1374 502 1553 558 agere,
1601 485 1709 539 nisi
1760 483 1911 555 prius
1943 481 2088 537 didi-
2186 474 2413 530 videtur
2438 475 2639 527 malum
2666 488 2789 528 esse
2824 471 3024 534 febris,
3054 469 3393 532 incendium,
3421 468 3643 534 seditio,
3670 472 3782 526 rui-

518 604 648 644 cero
682 585 812 657 quid
850 584 921 640 sit
958 584 1193 646 bonum;
1222 578 1367 649 quod
1412 578 1457 631 si
1504 576 1806 644 intelligere
1838 580 2088 643 potuero,

518 698 588 738 ex
616 682 735 753 ipso
762 679 925 735 etiam
948 674 1081 747 quid
1112 674 1184 729 sit
1213 672 1438 733 malum,
1471 671 1577 723 hoc
1610 678 1694 723 est
1718 668 1845 723 huic
1870 675 2093 722 contra-

522 774 688 838 rium,
716 772 1016 825 advertam.

594 864 685 919 Vl.
712 863 913 917 Verum
952 859 1017 913 ad
1069 859 1184 913 haec
1214 871 1335 927 quae
1363 854 1497 920 dixi,
1544 867 1711 907 unum
1742 867 1771 904 e
1810 849 1966 904 vobis
2002 863 2091 901 re-

524 955 791 1027 spondere
826 954 967 1014 volo,
991 964 1100 1004 non
1128 947 1380 1011 Petrum;
1416 960 1526 998 non
1552 945 1697 998 enim
1734 943 1958 1013 dignum
1988 949 2094 1005 est,

526 1050 597 1103 ab
643 1047 736 1100 illo
784 1043 947 1097 verba
979 1048 1033 1095 et
1060 1037 1366 1093 doctrinam
1411 1051 1533 1090 eum
1579 1034 1975 1103 quaestionibus
2004 1048 2097 1086 ca-

528 1155 676 1210 pere,
708 1134 803 1191 sed
846 1134 937 1189 ille
972 1134 1019 1187 si
1063 1129 1198 1201 quid
1246 1128 1715 1201 pronuntiaverit,
1746 1126 1853 1180 hoc
1887 1127 2099 1193 absque

527 1230 707 1298 aliqua
754 1222 1142 1280 retractatione
1185 1228 1457 1274 teneatur.
1493 1218 1558 1271 Et
1606 1216 1729 1272 ideo
1777 1218 1893 1285 ipse
1937 1215 2099 1269 nobis

528 1325 775 1376 servetur
802 1314 957 1387 quasi
998 1312 1225 1379 arbiter,
1257 1320 1318 1366 ut
1355 1310 1532 1365 sicubi
1576 1307 1869 1379 disputatio
1911 1316 2100 1361 nostra

528 1412 732 1468 exitum
768 1423 874 1462 non
910 1405 1209 1468 invenerit,
1244 1403 1361 1473 ipse
1398 1400 1543 1472 quod
1582 1401 1686 1455 sibi
1724 1400 1901 1453 visum
1936 1397 2100 1451 fuerit

533 1500 925 1575 pronuntians,
973 1488 1340 1552 indubitatum
1381 1495 1544 1549 ﬁnem
1574 1493 1738 1548 rebus
1787 1491 1967 1545 dubiis
1997 1490 2101 1543 im-

529 1601 713 1663 ponat.
746 1589 811 1644 Et
858 1603 1007 1643 nunc
1054 1602 1184 1658 ergo
1236 1600 1452 1656 possem
1504 1589 1622 1638 sola
1671 1584 1792 1652 ejus
1830 1582 2099 1637 sententia

527 1692 817 1741 contentus
853 1682 1095 1746 credere,
1129 1681 1175 1734 si
1204 1678 1335 1749 quid
1375 1679 1423 1733 ei
1454 1676 1750 1741 videretur,
1780 1675 1925 1746 quod
1950 1682 2005 1729 et
2033 1674 2101 1727 ad

2202 583 2296 633 na,
2332 568 2545 630 caedes,
2573 565 2789 619 vincula
2812 604 2828 628 ,
2872 562 3159 633 supplicia,
3194 562 3413 618 dolores
3438 603 3452 627 ,
3495 563 3701 627 luctus,
3740 568 3787 619 et

2201 661 2289 717 bis
2332 660 2570 717 similia?
2615 658 2681 711 Et
2710 669 2865 728 pater
2892 676 2904 712 :
2935 656 3137 712 Verum
3165 669 3282 721 est,
3313 657 3511 728 inquit,
3540 657 3637 719 ﬁli.
3672 660 3779 714 hac

2200 754 2344 807 mala
2372 768 2495 808 esse
2532 761 2587 806 et
2629 751 2787 805 valde
2826 750 3001 816 mala;
3034 758 3130 804 aut
3166 757 3316 804 certe
3350 752 3447 821 qui
3482 761 3647 822 negat
3673 749 3783 805 haec

2199 859 2324 899 esse
2350 845 2511 907 mala,
2541 844 2779 914 patiatur
2805 856 2888 898 ea.

2272 941 2363 995 1X.
2394 940 2460 995 Et
2485 956 2585 1011 ego
2610 937 2868 1009 respondi
2898 956 2911 991 :
2938 935 3078 1003 Quia
3103 951 3235 1006 ergo
3256 950 3381 990 cum
3417 949 3484 988 eo
3516 931 3651 987 mihi
3677 948 3776 989 sero

2204 1049 2295 1087 mo
2318 1043 2423 1097 est,
2459 1033 2553 1104 qui
2596 1032 2650 1084 in
2688 1029 3018 1099 astrologica
3066 1026 3357 1097 disciplina
3392 1024 3642 1081 eruditus
3675 1033 3773 1087 est,

2201 1127 2510 1183 secundum
2556 1126 2730 1196 ipsam
2764 1132 2945 1179 tecum
2995 1138 3186 1193 again,
3214 1132 3273 1175 ut
3306 1122 3373 1175 de
3405 1118 3494 1172 his
3533 1133 3655 1189 quae
3684 1116 3775 1171 tibi

2204 1220 2260 1273 in
2288 1235 2390 1274 usu
2428 1225 2560 1274 sunt
2607 1218 2880 1287 accipiens
2924 1216 3214 1279 rationem,
3250 1214 3416 1268 citius
3443 1212 3772 1282 acquiescas.

2202 1310 2347 1365 Audi
2389 1324 2536 1364 nunc
2578 1324 2729 1378 ergo.
2779 1308 3081 1363 Confessus
3113 1322 3174 1362 es
3216 1306 3357 1359 mala
3403 1319 3526 1359 esse
3560 1318 3626 1358 ea
3664 1317 3775 1372 qua:

2204 1416 2372 1471 supra
2407 1400 2672 1463 diximus,
2702 1399 2755 1452 id
2778 1408 2861 1454 est
2896 1399 3096 1461 febres,
3129 1396 3400 1458 incendia,
3428 1402 3483 1449 et
3521 1394 3609 1448 his
3635 1394 3776 1448 simio

2206 1496 2309 1562 lia;
2342 1496 2456 1550 haec
2503 1494 2803 1550 secundum
2847 1507 2944 1547 vos
2984 1507 3013 1545 a
3048 1490 3336 1544 malitiosis
3363 1488 3536 1544 stellis
3563 1488 3677 1541 ﬁeri
3702 1486 3774 1541 di-

2207 1596 2433 1652 cuntur,
2486 1585 2540 1640 id
2585 1595 2671 1641 est
2702 1586 2770 1640 ab
2817 1584 3041 1639 humido
3095 1581 3333 1637 Saturno
3378 1582 3455 1651 (9)
3490 1590 3546 1636 et
3605 1579 3771 1634 calido

2210 1681 2412 1749 Marte;
2440 1682 2634 1736 horum
2666 1696 2796 1736 vero
2817 1679 3094 1735 contraria
3121 1693 3150 1731 a
3172 1677 3423 1746 benignis
3452 1674 3567 1729 fieri
3592 1673 3772 1739 stellis,

526 1777 776 1832 ultimum
825 1774 1059 1841 faciam;
1106 1773 1231 1827 volo
1266 1779 1448 1825 tamen
1484 1770 1638 1840 prius
1685 1770 1888 1834 videre,
1926 1768 1973 1823 si
2019 1777 2103 1821 est
2135 1743 2177 1799 Β
2207 1772 2263 1828 id
2300 1780 2384 1828 est
2412 1788 2442 1826 a
2474 1777 2773 1840 temperato
2798 1767 2932 1823 Jove
2950 1776 3005 1823 et
3032 1767 3254 1821 humida
3280 1764 3522 1832 Venere;
3556 1773 3655 1818 aut
3676 1778 3773 1817 non

525 1866 787 1937 possibile
827 1862 1158 1934 disputando
1191 1861 1435 1915 invenire
1468 1860 1615 1931 quod
1651 1859 1935 1930 quaeritur.
1976 1856 2102 1911 Pla-

524 1966 612 2014 cet
645 1971 776 2028 ergo
810 1965 870 2009 ut
902 1955 1157 2010 Clemens
1199 1954 1409 2024 primus
1438 1952 1695 2021 incipiat,
1725 1960 1779 2005 et
1824 1950 2099 2013 ostendat,

526 2052 574 2107 si
601 2058 685 2105 est
718 2049 922 2119 aliquid
971 2049 1025 2103 in
1072 2045 1381 2102 substantia
1417 2053 1471 2101 et
1506 2046 1722 2100 actibus
1764 2045 1966 2099 bonum
2017 2044 2101 2098 vel

528 2142 753 2196 malum.

602 2231 708 2287 VII.
746 2230 825 2285 Ad
863 2230 978 2285 haec
1019 2246 1122 2301 ego
1160 2229 1419 2300 respondi
1454 2245 1468 2280 :
1500 2227 1767 2294 Quoniam
1812 2228 2032 2299 quidem
2069 2243 2098 2281 a

529 2341 617 2383 me
649 2326 734 2380 vis
761 2324 996 2387 discere,
1026 2322 1073 2377 si
1109 2330 1195 2377 est
1238 2320 1445 2391 aliquid
1489 2328 1683 2374 natura
1718 2328 1810 2374 aut
1843 2330 1967 2373 actu
2002 2318 2102 2372 bo-

525 2435 656 2475 num
684 2418 766 2473 vel
790 2417 1016 2481 malum,
1044 2432 1113 2471 an
1141 2416 1323 2486 potius
1350 2431 1453 2469 usu
1478 2416 1763 2485 praeventis
1789 2413 2100 2468 hominibus

525 2513 666 2567 bona
688 2510 937 2581 quaedam
967 2517 1021 2563 et
1065 2509 1171 2563 alia
1216 2508 1472 2563 videntur
1509 2508 1673 2571 mala,
1719 2521 1818 2576 pro
1863 2522 1927 2561 eo
1954 2507 2101 2575 quod

523 2605 846 2661 divisionem
873 2604 1015 2659 inter
1049 2618 1108 2659 se
1141 2618 1326 2658 rerum
1353 2601 1530 2657 fecere
1563 2601 1954 2664 communium,
1980 2616 2101 2670 qua:

525 2697 808 2763 deberent,
864 2704 921 2749 ut
965 2697 1069 2761 ais,
1116 2696 1191 2750 ita
1238 2711 1361 2751 esse
1402 2694 1741 2755 communia,
1789 2701 1849 2748 ut
1901 2709 1993 2748 aer
2047 2701 2102 2748 et

527 2790 787 2861 splendor
820 2791 985 2856 solis;
1022 2795 1154 2859 puto
1187 2787 1333 2858 quod
1370 2803 1480 2841 non
1508 2786 1733 2841 debeam
1759 2786 1856 2840 tibi
1882 2787 2102 2841 aliunde

526 2882 859 2937 assertiones
893 2880 1174 2945 adhibere,
1210 2879 1314 2934 nisi
1341 2892 1408 2933 ex
1451 2878 1536 2931 liis
1569 2877 1876 2947 disciplinis
1901 2876 2100 2945 quibus

529 2975 644 3043 ipse
679 2973 852 3028 uteris
886 2980 938 3027 et
971 2986 1109 3043 quas
1158 2971 1275 3040 ipse
1331 2968 1656 3031 conﬁrmas,
1693 2974 1747 3021 et
1795 2967 2099 3021 indubitata

528 3065 625 3118 tibi
661 3067 772 3119 sint
817 3080 938 3134 quae
983 3064 1265 3117 dicuntur.
1294 3060 1550 3114 Omnium
1596 3060 1991 3114 elementorum
2044 3065 2099 3113 et

526 3156 805 3210 stellarum
846 3161 1022 3210 certos
1058 3152 1263 3222 ponitis
1301 3150 1456 3212 fines,
1501 3163 1748 3218 quasque
1793 3150 1978 3204 stellas
2011 3148 2098 3203 di-

523 3250 647 3303 citis
682 3250 737 3303 in
772 3246 1096 3318 quibusdam
1125 3246 1333 3308 absque
1360 3256 1501 3296 noxa
1523 3241 1673 3294 coire
1700 3241 1842 3295 sicut
1876 3241 1933 3295 in
1968 3257 2091 3296 con-

520 3341 709 3411 jugiis,
742 3340 793 3392 in
818 3336 940 3392 aliis
969 3351 1097 3391 vero
1120 3336 1280 3389 noxie
1304 3333 1522 3388 misceri
1550 3334 1690 3387 sicut
1716 3333 1767 3385 in
1795 3326 2097 3392 adulteriis.

527 3430 595 3485 Et
640 3430 825 3486 dicitis
858 3428 1106 3499 quaedam
1154 3426 1433 3497 generalia
1467 3441 1589 3481 esse
1632 3427 1875 3481 omnium
1898 3467 1913 3491 ,
1950 3444 2099 3500 qure-

527 3524 652 3578 dam
699 3538 829 3578 vero
872 3538 979 3577 non
1023 3523 1267 3575 omnium
1321 3537 1496 3591 neque
1543 3524 1832 3593 generalia.
1876 3522 1981 3579 Sed
2030 3541 2098 3581 nc

525 3615 734 3685 prolixa
773 3614 1072 3684 disputatio
1122 3614 1250 3678 ﬁat,
1302 3613 1542 3669 breviter
1579 3624 1634 3669 et
1682 3616 1749 3671 de
1806 3632 1865 3671 re
1894 3618 2095 3674 dicam.

523 3706 693 3764 Terra
720 3724 842 3779 quae
866 3707 1017 3763 arida
1051 3716 1158 3770 est,
1185 3709 1440 3777 conjugio
1464 3717 1518 3762 et
1541 3710 1865 3767 admistione
1892 3712 2098 3783 indiget

524 3817 696 3871 aqua},
725 3811 785 3855 ut
818 3801 993 3870 possit
1038 3815 1300 3870 generare
1340 3801 1733 3867 fructus,~sine
1758 3806 1959 3875 quibus
1986 3807 2097 3861 vita

524 3894 838 3948 hominibus
873 3909 984 3947 non
1018 3900 1136 3959 est;
1166 3900 1251 3947 est
1285 3909 1416 3964 ergo
1441 3894 1557 3949 hazc
1596 3896 1829 3967 legitima
1865 3900 2097 3969 conjun-

522 3987 651 4039 ctio.
681 3985 918 4040 Econtra
954 3987 999 4041 si
1037 3998 1131 4042 aut
1160 3989 1367 4057 pruinze
1403 3987 1577 4059 frigus
1614 4001 1770 4043 terrae
1803 3992 2097 4048 misceatur

522 4084 616 4132 aut
649 4079 799 4132 calor
835 4080 1011 4149 aquis,
1042 4080 1356 4151 hujusmodi
1387 4082 1700 4152 conjunctio
1727 4084 2094 4154 corruptelam

520 4168 685 4234 facit;
713 4178 766 4224 et
802 4169 905 4224 hoc
930 4170 983 4224 in
1017 4171 1217 4226 talibus
1244 4172 1571 4227 adulterium
1600 4181 1703 4229 est.

591 4259 727 4316 Vlll.
756 4260 822 4315 Et
857 4271 1010 4332 pater
1034 4264 1316 4335 respondit
1356 4282 1368 4317 :
1400 4266 1504 4320 Sed
1532 4266 1677 4321 sicut
1697 4267 2092 4322 elementorum

521 4354 602 4406 vel
631 4354 912 4407 stellarum
964 4353 1281 4411 inconsonae
1313 4358 1718 4427 conjunctionis
1753 4359 1938 4413 statim
1968 4375 2094 4429 pro—

2208 1865 2282 1920 ita
2304 1863 2424 1920 est?
2454 1862 2519 1916 Et
2546 1868 2701 1932 pater
2730 1860 3014 1931 respondit
3058 1876 3072 1911 :
3115 1857 3190 1911 lta
3219 1865 3324 1923 est,
3354 1858 3448 1921 tili,
3482 1871 3590 1911 nec
3624 1857 3774 1911 aliter

2205 1951 2325 2006 ﬁeri
2356 1958 2557 2021 potest.
2603 1949 2740 2004 Tum
2780 1964 2881 2018 ego
2917 1966 2929 2002 :
2961 1948 3099 2015 Quia
3139 1962 3268 2019 ergo
3319 1962 3349 1999 a
3395 1947 3557 2002 bonis
3590 1946 3771 2010 stellis.

2202 2044 2336 2101 Jove
2382 2045 2505 2100 dico
2550 2051 2606 2100 et
2634 2042 2877 2107 Venere,
2924 2044 3067 2098 bona
3113 2041 3230 2096 ﬁeri
3266 2041 3469 2101 dicitis.
3503 2040 3775 2095 videamus

2210 2153 2552 2209 unaquteque
2583 2137 2849 2191 malarum
2884 2137 3164 2191 stellarum
3196 2150 3319 2190 cum
3354 2134 3594 2189 admista
3627 2134 3775 2190 fuerit

2204 2231 2384 2297 bonis,
2410 2230 2543 2301 quid
2570 2238 2654 2285 est
2681 2229 2826 2300 quod
2850 2227 3044 2301 efficit;
3076 2237 3132 2284 et
3165 2228 3297 2283 illud
3341 2244 3463 2283 esse
3512 2229 3775 2299 intelliga-

2207 2340 2331 2379 mus
2363 2323 2589 2377 malum.
2620 2321 2834 2375 Etenim
2880 2322 3100 2391 nuptias
3145 2321 3326 2377 facere
3375 2319 3642 2375 Venerem
3690 2336 3776 2391 po-

2203 2419 2370 2485 nitis;
2409 2433 2531 2487 quae
2562 2416 2609 2471 si
2654 2415 2845 2471 Jovem
2876 2415 3072 2469 habeat
3117 2415 3175 2469 in
3205 2415 3485 2470 schemate
3524 2430 3653 2478 suo.
3681 2428 3773 2483 pu-

2202 2512 2355 2569 dicas
2380 2511 2608 2577 efﬁciat,
2640 2508 2776 2565 Jove
2818 2517 3001 2563 autem
3055 2523 3167 2563 non
3212 2507 3576 2577 respiciente,
3615 2508 3661 2562 si
3689 2506 3776 2562 ad-

2203 2607 2368 2663 fuerit
2398 2605 2564 2669 Mars,
2598 2604 2876 2673 corrumpi
2918 2603 3138 2671 nuptias
3172 2616 3267 2671 per
3297 2601 3628 2655 adulterium
3657 2612 3774 2668 pro-

2202 2698 2492 2753 nuntiatis.
2525 2696 2591 2750 Et
2618 2704 2773 2766 pater
2802 2714 2814 2748 :
2842 2692 2920 2747 fta
2954 2709 3044 2759 se,
3071 2693 3248 2763 inquit
3270 2730 3286 2757 ,
3327 2692 3509 2747 habet.
3555 2691 3669 2761 Ego
3697 2704 3773 2743 re-

2203 2790 2399 2860 spondi
2435 2810 2447 2843 :
2482 2788 2627 2859 Ergo
2669 2787 2875 2841 malum
2910 2794 2995 2842 est
3037 2784 3365 2841 adulterium
3388 2824 3404 2850 ,
3432 2781 3773 2855 quandoqui-

2201 2882 2323 2936 dem
2348 2897 2414 2935 ex
2439 2882 2704 2935 malarum
2727 2870 3007 2934 stellarum
3037 2878 3365 2935 admistione
3388 2877 3770 2940 committitur;

2202 2982 2257 3029 et
2282 2982 2342 3027 ut
2372 2972 2819 3043 compendiosius
2845 2971 3207 3041 explicemus,
3236 2973 3416 3027 omnia
3439 2986 3567 3041 quae
3604 2968 3772 3023 dicitis

2125 3083 2168 3141 α
2200 3083 2268 3123 ex
2318 3067 2587 3119 malarum
2650 3064 2977 3119 admistione
3019 3064 3298 3118 stellarum
3348 3064 3521 3118 bonas
3576 3061 3771 3132 perpeti

2202 3159 2409 3223 Stellas,
2443 3156 2586 3210 mala
2636 3172 2759 3212 esse
2801 3156 2921 3213 sine
2967 3156 3136 3211 dubio
3175 3155 3584 3226 pronuntianda
3634 3163 3771 3211 sunt.

2201 3249 2321 3304 Istae
2347 3265 2478 3318 ergo
2507 3248 2681 3302 stellae
2706 3262 2937 3317 quarum
2965 3246 3291 3300 admistione
3310 3245 3556 3300 diximus
3583 3247 3771 3309 febres,

2202 3343 2475 3409 incendia,
2507 3350 2561 3395 et
2600 3351 2795 3397 cetera
2820 3340 2905 3395 bis
2942 3340 3146 3395 similia
3179 3338 3316 3393 efﬁci
3343 3339 3507 3404 mala,
3541 3340 3673 3408 ipsa:
3695 3352 3773 3393 se-

2201 3436 2439 3490 cundum
2470 3449 2568 3488 vos
2598 3433 2765 3488 etiam
2798 3432 3112 3496 homicidia,
3147 3430 3437 3494 adulteria,
3474 3431 3623 3485 furta
3653 3444 3773 3502 ope-

2201 3536 2413 3593 rantur,
2438 3535 2724 3596 protervos
2752 3528 2916 3581 etiam
2939 3534 2991 3580 et
3023 3523 3255 3581 stolidos
3287 3526 3421 3596 ipsa:
3444 3523 3709 3580 efﬁciunt.

2268 3619 2336 3676 Χ.
2373 3621 2437 3674 Et
2472 3628 2663 3692 pater:
2697 3619 2869 3687 Vere,
2904 3620 3110 3689 inquit,
3146 3620 3388 3675 breviter
3414 3627 3467 3675 et
3495 3620 3773 3689 incompae

2199 3715 2453 3770 rabiliter
2474 3715 2783 3778 ostendisti,
2819 3714 2946 3783 quia
2988 3714 3101 3769 sint
3130 3714 3276 3767 mala
3315 3714 3371 3767 in
3404 3714 3653 3777 actibus,
3686 3710 3767 3767 sed

2198 3808 2303 3862 hoc
2356 3808 2537 3862 adhuc
2580 3808 2741 3862 velim
2788 3806 3020 3873 discere,
3060 3805 3336 3876 quomodo
3380 3804 3532 3874 juste
3571 3803 3770 3871 judicat

2198 3901 2345 3957 Deus
2370 3916 2466 3956 eos
2488 3900 2582 3971 qui
2613 3907 2876 3970 peccant,
2902 3901 3044 3955 sicut
3077 3914 3176 3955 vos
3211 3899 3426 3962 dicitis,
3468 3899 3515 3953 si
3549 3909 3768 3967 peccare

2195 4008 2293 4047 eos
2324 3992 2542 4062 genesis
2589 3992 2770 4062 cogit?
2797 3990 2934 4045 Tum
2964 4006 3065 4060 ego
3104 3989 3361 4059 respondi
3394 4008 3408 4043 :
3447 3988 3656 4045 Vereor
3688 3987 3766 4042 di-

2198 4100 2321 4141 cere
2369 4085 2463 4140 tibi
2500 4086 2726 4156 aliquid,
2755 4092 2932 4155 pater,
2969 4084 3098 4154 quia
3147 4083 3203 4137 in
3252 4082 3403 4138 omni
3466 4090 3519 4137 te
3573 4084 3766 4138 honore

2198 4177 2384 4233 haberi
2416 4194 2448 4231 a
2486 4194 2572 4232 me
2610 4178 2800 4245 decet,
2833 4178 3075 4247 alioquin
3110 4184 3226 4232 erat
3270 4179 3415 4247 quod
3453 4179 3663 4249 possim
3695 4175 3768 4230 di-

2196 4283 2320 4323 cere
2350 4269 2395 4324 si
2428 4268 2663 4324 deceret.
2699 4269 2765 4324 Et
2790 4278 2945 4341 pater
2973 4269 3051 4323 ait
3095 4290 3107 4324 :
3143 4268 3242 4323 Dic
3271 4270 3414 4338 quod
3449 4269 3550 4323 tibi
3583 4280 3768 4323 occur-

2198 4360 2291 4424 rit,
2319 4359 2431 4426 ﬁli,
2460 4362 2675 4417 etiamsi
2722 4363 3050 4430 iniuriosum
3077 4362 3331 4430 videtur;
3364 4377 3476 4416 non
3510 4362 3657 4417 enim
3688 4368 3763 4420 tu.

519 4443 666 4497 ditur
694 4460 858 4507 noxa,
885 4451 959 4499 ita
985 4446 1207 4502 deberet
1230 4458 1283 4504 et
1310 4450 1640 4504 adulterium
1671 4452 1854 4506 statim
1877 4450 2091 4506 ostendi
2124 4432 2168 4486 D
2198 4452 2294 4507 sed
2342 4453 2661 4522 quaestionis
2704 4452 2842 4506 ratio
2880 4453 3140 4522 injuriam
3177 4452 3344 4516 facit,
3393 4454 3537 4508 sicut
3579 4451 3764 4523 pudica

519 4550 683 4605 quam
718 4538 918 4593 malum
944 4552 1046 4593 esu
1082 4539 1146 4593 Et
1174 4556 1275 4611 ego
1300 4541 1385 4595 aio
1412 4558 1425 4593 ε
1458 4542 1573 4598 Hoc
1605 4544 1737 4597 mihi
1765 4544 1941 4613 primo
1966 4559 2095 4600 con-

524 4626 706 4689 ﬁrma,
736 4626 803 4692 si,
834 4638 893 4681 ut
917 4632 1078 4683 etiam
1110 4632 1223 4700 ipse
1257 4632 1547 4688 confessus
1584 4649 1665 4696 es,
1697 4650 1763 4689 ex
1790 4633 2092 4705 incongrua

518 4725 573 4770 et
596 4716 897 4773 inconsona
940 4720 1269 4778 admistione
1304 4723 1615 4779 efﬁciuntur
1656 4726 1822 4792 mala,
1852 4732 1905 4782 et
1940 4727 2090 4781 istud

520 4808 574 4861 in
610 4812 1073 4881 consequentibus
1107 4816 1435 4884 requiretur.
1465 4816 1527 4869 Et
1580 4825 1734 4887 pater
1779 4818 1854 4871 ait
1885 4837 1897 4871 :
1924 4816 1996 4872 Ut
2030 4835 2089 4873 se

516 4901 681 4957 habet
708 4902 784 4957 rei
831 4912 1048 4970 natura,
1080 4906 1154 4960 ita
1203 4907 1305 4971 ais,
1345 4907 1438 4964 flli.
1469 4908 1605 4963 Tum
1644 4926 1744 4980 ego
1780 4909 2037 4980 respondi
2070 4928 2085 4963 :

519 4990 656 5059 Quia
697 5010 827 5066 ergo
861 4995 1075 5053 discere
1120 5002 1274 5070 cupis
1319 5001 1386 5056 de
1414 5001 1522 5069 his,
1573 5003 1696 5058 vide
1740 5010 1944 5073 quanta
1979 5003 2090 5058 sint

2198 4545 2395 4600 mulier
2423 4544 2805 4614 intemperanti
2833 4544 2972 4607 viro,
3004 4545 3048 4600 si
3093 4560 3191 4613 pro
3249 4547 3423 4601 salute
3460 4546 3766 4615 indignetur

2197 4643 2252 4691 et
2273 4635 2578 4691 honestate.
2629 4634 2694 4689 Et
2738 4650 2839 4706 ego
2888 4638 3143 4705 respondi
3180 4656 3191 4690 :
3227 4636 3283 4691 Si
3332 4638 3507 4706 prima
3543 4649 3767 4706 qumque

2199 4730 2343 4783 inter
2366 4743 2468 4784 nos
2495 4728 2814 4783 conﬁrmata
2840 4737 2894 4784 et
2922 4730 3175 4785 confessa
3218 4744 3329 4784 non
3361 4729 3499 4784 bene
3529 4730 3763 4784 retinea-

2199 4837 2343 4888 mus,
2380 4822 2475 4877 sed
2506 4838 2720 4893 semper
2755 4838 2875 4893 qua:
2902 4822 3124 4879 deﬁnita
3150 4831 3280 4877 sunt
3306 4824 3656 4879 resolvantur
3677 4836 3766 4893 per

2198 4912 2547 4977 oblivionem,
2580 4912 2886 4967 videbimur
2924 4914 3085 4969 telam
3132 4921 3316 4969 texere
3354 4912 3676 4984 Penelopes,
3705 4928 3764 4966 ea

2195 5017 2315 5072 qua:
2342 4990 2612 5057 texuim'us
2638 5004 3002 5070 resolventes;
3031 5011 3085 5059 et
3104 5003 3224 5060 ideo
3246 5003 3506 5061 debemus
3536 5010 3630 5058 aut
3662 5018 3763 5057 non

1809 5246 2177 5305 COTELERII
2211 5250 2440 5306 NOTAE.

701 5430 936 5498 Humido
967 5442 1395 5526 Sqturnoﬂzldem
1424 5449 1778 5526 deSaturno,
1806 5447 2085 5526 humidam

515 5515 723 5569 stellam
752 5530 892 5580 esse,
913 5518 1155 5572 sentiunt
1174 5515 1426 5575 Clemens
1452 5522 1857 5578 Alexandrinus
1881 5521 2081 5577 Strom.

515 5601 568 5645 v,
612 5601 663 5649 p.
703 5584 835 5649 564;
881 5585 1107 5643 Nonnus
1138 5592 1497 5645 Διονυσιακῶν
1532 5594 1623 5647 lib.
1653 5612 1809 5649 xvm.
1862 5610 1914 5649 ι).
1946 5594 2076 5649 50ος

517 5601 568 5667 ιζ,
612 5601 665 5666 p.
703 5601 835 5651 aus;
881 5601 1107 5643 nonnus
1138 5601 1497 5645 Διονυσιακῶν
1532 5601 1623 5647 lib.
1653 5612 1809 5653 xvm.
1862 5610 1914 5664 p.
1946 5601 2076 5650 500;

517 5651 739 5737 Serviliis
789 5654 1133 5737 adﬁeorgic.
1172 5660 1452 5737 I,_12._l5.
1485 5672 1537 5737 et
1567 5662 1828 5737 Platonici
1862 5665 2083 5737 quidam

518 5724 657 5793 apud
692 5724 1143 5784 Macrobium‘lib.
1177 5747 1194 5785 ι
1227 5730 1279 5783 in
1315 5730 1586 5789 Somnium
1619 5724 1960 5808 Scipionis'c.
2001 5735 2081 5787 ll.

2190 5450 2391 5508 Verum
2421 5453 2565 5510 Julio
2596 5454 2833 5511 Firmico
2879 5447 2971 5511 lib.
3008 5473 3069 5520 ιι,
3116 5476 3165 5514 c.
3203 5461 3289 5525 t0,
3323 5470 3407 5516 est
3443 5481 3455 5517 :
3496 5460 3753 5515 Saturnus

2187 5535 2385 5576 natura
2422 5526 2627 5595 quidem
2653 5525 2878 5595 frigidus
2919 5539 2967 5581 et
3012 5531 3200 5590 siccus.
3233 5548 3297 5584 ea:
3341 5532 3597 5586 accidenti
3641 5546 3753 5585 om

2185 5596 2492 5678 quandpque
2519 5596 2787 5678 humidus.
2835 5596 3127 5678 lii-idemque
3154 5603 3344 5678 lgpévqi
3370 5599 3751 5678 _t_r_ibuit_v';1;gov

2187 5666 2545 5790 ﬁgptgnipov
2600 5666 2828 5725 Proclus
2877 5670 2970 5725 lib.
3012 5666 3114 5726 {in
3170 5666 3527 5727 Tetrdbibfum
3576 5666 3751 5727 Ptole-
