4036 6252
316 422 449 488 ιω

1544 408 2106 469 BECOGNITIONUM
2139 406 2266 463 LIB.
2306 408 2369 462 Χ.

3422 406 3448 458 Ι
3459 405 3567 459 ωδ.

313 538 474 594 facile
503 519 875 607 acquiescere,
900 531 1221 603 priusquam
1252 528 1538 599 diligenter
1554 525 1896 580 examinetur
1921 530 1969 589 Α
1998 522 2116 579 sine
2166 522 2353 589 dubio,
2402 523 2529 593 quia
2576 529 2819 592 tempora
2861 527 2953 575 tua
2980 522 3280 579 malitiosos
3313 524 3559 591 suscepit

313 644 493 688 sermo
524 626 857 700 propositus,
888 630 982 677 aut
1024 622 1072 677 si
1097 622 1210 691 jam
1256 618 1629 690 acquievimus
1659 624 1712 673 et
1738 631 1875 671 con-

311 724 524 779 ﬁrmata
573 718 842 775 sententia
892 724 997 781 est,
1043 730 1264 771 servare
1294 728 1509 783 semper
1536 712 1682 782 quod
1715 711 1883 767 semel

310 820 593 877 deﬁnitum
634 826 717 871 est
742 855 757 877 .
806 821 866 869 ut
906 813 1186 883 possimus
1224 816 1281 865 et
1321 808 1389 864 de
1441 809 1563 862 aliis
1614 822 1878 878 quaerere.

308 910 377 965 Et
412 917 565 981 pater
588 906 701 978 (10)
732 905 847 960 ait:
879 904 1022 959 Bene
1056 904 1217 967 dicis,
1252 902 1347 967 ﬁli,
1391 908 1445 956 et
1475 902 1589 955 scio
1619 915 1780 970 quam
1809 898 1881 953 ob

310 1017 532 1057 causam
564 1000 724 1064 dicis,
758 999 885 1068 quia
914 999 1170 1052 hesterno
1198 995 1285 1049 die
1325 995 1392 1050 de
1423 993 1768 1048 naturalibus
1798 989 1882 1044 di-

310 1102 538 1164 sputans
569 1092 773 1154 causis,
800 1088 1088 1144 ostendisti
1120 1088 1247 1158 quia
1276 1088 1452 1141 virtus
1490 1086 1737 1155 quaedam
1763 1100 1880 1137 ma-

310 1186 457 1257 ligna
492 1183 896 1239 transformans
918 1197 975 1237 se
1007 1182 1058 1235 in
1100 1181 1346 1235 ordinem
1376 1180 1655 1235 stellarum
1690 1179 1881 1232 huma-

307 1295 409 1335 nas
437 1277 914 1347 concupiscentias
956 1275 1213 1344 exagitat,
1262 1272 1494 1327 diversis
1539 1272 1712 1326 modis
1748 1288 1879 1342 pro-

306 1385 511 1425 vocans
540 1368 606 1422 ad
621 1370 930 1438 peccatum,
958 1380 1067 1419 non
1095 1372 1277 1417 tamen
1298 1378 1498 1433 cogens
1522 1370 1614 1416 aut
1642 1362 1881 1417 efﬁciens

306 1472 609 1533 peccatum.
654 1460 752 1514 Cui
806 1475 907 1529 ego
942 1457 1203 1528 respondi
1237 1475 1250 1509 :
1283 1455 1461 1515 Bene,
1500 1454 1626 1524 quia
1668 1462 1722 1509 et
1764 1469 1880 1509 me-

304 1553 510 1607 ministi
542 1560 595 1607 et
628 1567 751 1606 cum
786 1550 1101 1606 memineris
1130 1548 1350 1603 errasti.
1380 1546 1445 1599 Et
1477 1553 1629 1617 pater
1668 1561 1681 1598 :
1723 1545 1881 1616 Igno—

306 1660 417 1709 sce,
449 1645 645 1715 inquit,
671 1644 743 1698 (ili
786 1664 798 1699 :
827 1645 1066 1700 nondum
1090 1644 1231 1698 enim
1257 1658 1416 1697 usum
1448 1643 1676 1695 multum
1711 1643 1763 1696 in
1796 1642 1880 1697 his

306 1736 514 1803 habeo;
549 1752 673 1789 nam
715 1744 768 1791 et
801 1734 1044 1792 hesterni
1077 1750 1360 1790 sermones
1401 1734 1481 1787 tui
1512 1732 1737 1787 veritate
1764 1734 1877 1803 ipsa

305 1830 693 1885 concluserunt
718 1847 804 1886 me
841 1838 899 1884 ut
930 1831 1024 1885 tibi
1056 1832 1478 1901 acquiescerem,
1512 1830 1568 1883 in
1594 1830 1881 1885 conscien-

306 1923 376 1977 tia
404 1930 577 1978 tamen
611 1938 728 1979 mea
760 1932 887 1978 sunt
914 1923 1069 1993 quasi
1093 1924 1337 1993 quaedam
1360 1922 1601 1991 reliquiae
1624 1921 1876 1988 febrium,

304 2028 427 2081 qua:
457 2014 737 2082 paululum
766 2030 851 2069 me
876 2030 904 2067 a
928 1989 1033 2070 lide
1062 1989 1219 2085 quasi
1251 2028 1280 2066 a
1311 1989 1544 2067 sanitate
1569 2011 1875 2067 retrahunt.
1912 1989 1951 2043 Β

303 2102 617 2159 Discrucior
647 2108 813 2172 enim,
855 2109 980 2178 quia
1031 2107 1147 2162 scio
1194 2107 1363 2160 multa
1408 2106 1577 2169 mihi,
1604 2106 1714 2160 imo
1742 2121 1878 2175 pene

302 2196 484 2250 omnia
517 2198 782 2254 accidisse
812 2201 1110 2255 secundum
1134 2198 1394 2269 genesim.

372 2287 460 2342 Xl.
504 2288 569 2342 Et
603 2305 704 2359 ego
746 2292 1001 2361 respondi
1035 2305 1050 2342 :
1090 2291 1231 2346 Audi
1270 2306 1420 2360 ergo,
1452 2298 1625 2360 pater,
1656 2306 1777 2360 qum
1804 2292 1878 2346 sit

303 2380 565 2436 mathesis
607 2390 824 2447 natura,
863 2391 917 2437 et
956 2383 1122 2437 facito
1149 2381 1452 2438 secundum
1488 2398 1551 2436 ea
1595 2398 1717 2451 qua:
1753 2383 1877 2437 dico

301 2472 418 2525 tibi.
452 2471 588 2527 Vide
615 2474 1057 2530 mathematicum
1089 2475 1201 2545 (lt)
1226 2484 1275 2529 et
1306 2475 1394 2527 dic
1425 2474 1472 2529 ei
1511 2473 1710 2543 primo,
1746 2475 1873 2541 quia

301 2562 429 2617 talia
470 2565 715 2635 quaedam
761 2566 893 2619 mihi
938 2567 1254 2621 acciderunt
1298 2568 1441 2621 mala
1481 2568 1534 2621 in
1590 2567 1683 2623 illo
1735 2574 1875 2620 tem~-

302 2668 466 2722 pore;
501 2656 645 2711 unde
693 2672 821 2727 ergo
853 2664 947 2711 aut
986 2673 1096 2728 quo
1123 2658 1286 2712 modo
1322 2667 1414 2712 aut
1445 2674 1705 2728 per—quas
1736 2658 1866 2711 mihi

302 2745 604 2801 acciderint
653 2749 863 2813 stellas,
913 2749 1125 2805 discere
1170 2750 1315 2805 volo.
1360 2749 1730 2822 Respondebit
1769 2749 1866 2804 tibi

1986 614 2130 671 Mars
2160 623 2253 669 aut
2288 612 2591 679 Saturnus,
2623 621 2716 668 aut
2752 612 2950 681 aliquis
2985 629 3172 667 eorum
3211 622 3554 684 apocatasta-

1985 708 2127 763 ticus
2159 707 2258 762 l'uit
2290 708 2424 779 (t2),
2457 715 2549 762 aut
2572 706 2773 777 aliquis
2805 722 3006 761 annum
3030 715 3179 761 tuum
3212 708 3422 778 aspexit
3445 702 3565 778 (l5)

1983 818 2049 858 ex
2080 802 2343 857 diametro
2375 813 2469 857 aut
2491 803 2822 872 eonjunctus
2862 809 2955 856 aut
3005 802 3060 856 in
3089 812 3298 865 centro,
3337 803 3417 857 vel
3450 800 3557 855 alia

1984 893 2071 948 his
2102 894 2305 949 similia
2332 895 2708 964 respondebit,
2746 895 2973 959 addens,
2996 895 3123 965 quia
3165 896 3219 948 in
3266 895 3349 949 his
3377 894 3554 949 enini-

1984 984 2085 1039 bus
2117 985 2317 1054 aliquis
2363 994 2457 1040 aut
2500 986 2796 1057 asyndetus
2826 988 2928 1041 fuit
2958 1003 3079 1041 cum
3131 986 3273 1040 man
3303 985 3433 1057 (is),
3462 992 3557 1039 aut

1983 1079 2294 1144 invisibilis,
2321 1088 2413 1134 aut
2446 1081 2501 1135 in
2526 1080 2825 1145 schemate,
2853 1089 2944 1136 aut
2974 1090 3127 1136 extra
3157 1082 3426 1145 haeresim,
3461 1092 3553 1135 aut

1984 1171 2246 1227 deﬁciens
2270 1172 2403 1243 (15),
2442 1184 2533 1228 aut
2556 1189 2666 1229 non
2698 1175 3040 1245 contingens,
3073 1183 3167 1229 aut
3207 1175 3262 1229 in
3304 1176 3554 1229 obscuris

1984 1265 2179 1330 stellis,
2211 1276 2265 1321 et
2300 1267 2470 1320 multa
2500 1267 2606 1320 alia
2642 1268 2725 1322 bis
2758 1269 2955 1323 similia
2982 1267 3284 1323 secundum
3313 1268 3554 1321 rationes

1982 1359 2235 1429 proprias
2264 1360 2610 1429 respondebit
2639 1368 2691 1414 et
2725 1361 2791 1415 de
2815 1361 3045 1429 singulis
3073 1361 3391 1429 assignabit.
3424 1360 3555 1415 Post

1982 1452 2129 1507 hunc
2154 1453 2320 1507 alium
2350 1452 2497 1506 adito
2521 1454 2961 1509 mathematicum
2986 1462 3038 1506 et
3059 1453 3225 1507 dicito
3255 1454 3548 1511 contraria.

1983 1543 2113 1614 quia
2146 1545 2279 1599 illud
2304 1546 2438 1600 mihi
2467 1547 2598 1601 boni
2626 1548 2857 1616 contigit
2893 1546 2947 1600 in
2974 1546 3066 1600 illo
3096 1553 3374 1614 tempore;
3418 1555 3552 1600 tein-

1984 1654 2084 1707 pus
2107 1621 2294 1692 autem
2337 1637 2440 1692 hoc
2488 1638 2629 1693 idem
2675 1639 2872 1703 dicito,
2919 1646 2973 1692 et
3008 1638 3223 1708 require
3260 1653 3327 1692 ex
3352 1635 3552 1706 quibus

1984 1730 2229 1798 partibus
2259 1730 2473 1800 genesis
2516 1731 2620 1784 hoc
2647 1730 2744 1784 tibi
2775 1732 3015 1786 evenerit
3048 1729 3195 1792 boui,
3227 1738 3280 1784 et
3310 1738 3551 1797 tempora

1983 1828 2042 1874 ut
2063 1820 2198 1886 dixi,
2229 1822 2416 1877 eadem
2448 1838 2569 1892 qua:
2596 1824 2663 1878 de
2690 1823 2847 1877 malis
2878 1824 3334 1892 interrogaveras,
3368 1828 3552 1874 custo-

1982 1916 2115 1968 dito.
2166 1915 2414 1986 Cumque
2471 1924 2530 1971 tu
2574 1915 2832 1973 fefelleris
2885 1917 2951 1972 de
3009 1916 3371 1985 temporibus,
3429 1915 3551 1968 vide

1982 2019 2184 2079 quanta
2232 2012 2329 2065 tibi
2373 2010 2609 2065 inveniet
2659 2011 2956 2074 schemata,
3003 2026 3099 2080 per
3132 2024 3253 2079 quae
3300 2006 3552 2061 ostendat

1984 2103 2127 2172 quod
2160 2103 2257 2157 tibi
2288 2104 2344 2157 in
2376 2104 2483 2158 illis
2518 2104 2652 2173 ipsis
2705 2104 3042 2173 temporibus
3088 2103 3307 2158 evenire
3348 2101 3551 2155 debue»

1984 2196 2093 2249 rint
2129 2196 2291 2250 bona.
2326 2195 2666 2266 lmpossibile
2707 2197 2849 2251 enim
2882 2206 2965 2250 est
2994 2196 3273 2250 hominum
3308 2193 3548 2265 genesim

1983 2289 2368 2352 tractantibus,
2422 2305 2530 2343 non
2574 2290 2627 2342 in
2686 2290 2836 2343 omni
2884 2303 3049 2359 quam
3092 2288 3281 2343 dicunt
3330 2289 3552 2358 regione

1985 2379 2265 2433 stellarum
2297 2378 2412 2449 (16)
2438 2394 2652 2447 semper
2678 2379 2919 2434 invenire
2964 2378 3231 2449 quasdam
3275 2378 3411 2433 bene
3446 2393 3551 2448 po-

1980 2473 2114 2528 sitas
2163 2474 2370 2539 stellas,
2411 2480 2467 2527 et
2496 2472 2763 2543 quasdam
2810 2474 2986 2540 male;
3015 2473 3256 2529 circulus
3281 2473 3428 2527 enim
3466 2484 3548 2529 est

1978 2566 2259 2635 aequaliter
2302 2581 2365 2620 ex
2409 2566 2558 2621 omni
2603 2574 2757 2635 parte
2802 2566 3065 2622 collectus
3102 2564 3402 2622 secundum
3434 2580 3553 2619 ma-

1969 2659 2203 2723 thesim,
2250 2658 2497 2715 diversas
2540 2668 2594 2715 et
2653 2660 2837 2714 varias
2886 2658 3161 2729 accipiens
3201 2673 3429 2723 causas,
3481 2675 3546 2712 ex

1973 2750 2176 2821 quibus
2203 2752 2549 2807 occasionem
2579 2752 2799 2823 capiant
2834 2751 3050 2807 dicendi
3082 2753 3227 2822 quod
3263 2752 3472 2807 volunt.

1633 2971 1998 3029 COTELEBH
2030 2973 2261 3033 NOTAE.

382 3146 489 3228 (10)
529 3143 595 3228 Et
622 3155 788 3228 pater.
811 3144 963 3228 [:I‘ota
996 3147 1244 3228 περιοχή,
1278 3149 1479 3228 δι’]ὶὶιη
1501 3166 1586 3204 xiv
1615 3148 1871 3228 Periodo-

1988 3165 2101 3207 tum
2138 3156 2287 3228 apud
2308 3153 2617 3228 _S_i_d_onit_tm
2649 3153 2744 3206 lib.
2774 3168 2871 3228 vin
2893 3192 2909 3217 ,
2944 3151 3101 3228 epist.
3139 3152 3227 3228 tl,
3258 3158 3370 3203 tum
3404 3151 3554 3228 dept-

307 3213 423 3272 rum
460 3213 675 3269 laudata
711 3217 779 3269 ab
808 3213 1041 3284 Origene
1068 3213 1301 3271 ἱοιίιζίιι
1338 3215 1786 3284 Εςτριαηαιίοηιιηι
1816 3223 1873 3272 in

307 3288 568 3347 Genesim,
601 3301 662 3340 ac
699 3283 950 3339 Ceneseos
978 3302 1015 3348 I,
1051 3287 1138 3349 M,
1169 3294 1347 3341 exstat
1373 3283 1684 3341 Philocalia:
1705 3305 1755 3343 c.
1777 3289 1868 3345 22.

309 3358 371 3412 Et
400 3358 618 3427 quidem
642 3356 875 3427 icitantis
902 3357 1065 3427 verba
1097 3358 1294 3427 protuli
1321 3358 1375 3427 in
1397 3356 1751 3427 Testimoniis
1769 3357 1876 3413 Ve-

305 3425 479 3508 terum
517 3446 528 3481 :
560 3425 652 3508 ubi
687 3435 848 3508 recte
881 3425 1163 3508 degebatn,
1196 3426 1747 3508 éx6sfiqué‘lat1‘quod
1789 3446 1876 3483 re-

306 3499 420 3567 peri
456 3506 640 3566 postea
687 3498 740 3550 in
767 3494 981 3551 duobus
1012 3494 1193 3565 Regiis
1222 3494 1524 3551 codicibus.
1561 3494 1716 3550 Nunc
1748 3513 1876 3553 vero

304 3577 364 3624 ut
398 3569 730 3636 intelligatur
758 3567 969 3621 facilius
1001 3568 1131 3635 quid
1157 3567 1256 3620 hoc
1289 3568 1406 3620 loco
1428 3583 1535 3620 non
1566 3583 1880 3636 usquequa-

305 3655 411 3709 que
458 3637 658 3709 qGrteco
708 3637 1077 3709 respondeat,
1117 3644 1284 3705 utque
1332 3638 1493 3709 notis
1520 3640 1876 3709 sequentibus

306 3702 471 3764 veluti
516 3708 612 3762 'l'ax
656 3702 997 3779 praeferatur;
1030 3702 1210 3777 placet
1234 3709 1397 3761 citata
1447 3705 1514 3760 ab
1559 3702 1794 3777 Origene
1825 3716 1878 3762 et

308 3778 671 3834 Ruﬁnianant
702 3780 1006 3832 versionem
1060 3785 1305 3832 nostram
1369 3778 1469 3832 sub
1525 3794 1691 3831 unum
1739 3794 1876 3831 cun-

303 3857 551 3920 spectum
582 3850 732 3904 dare.
754 3878 820 3888 --
864 3847 995 3920 Quae
1022 3848 1118 3920 hic
1147 3848 1364 3901 exhibet
1407 3848 1710 3903 Cotelerius
1731 3890 1745 3911 ,
1785 3849 1881 3902 ha-

307 3917 405 3975 bes
446 3918 586 4041 iusim
622 3921 678 3973 in
728 3919 1041 3989 Appendice
1081 3917 1535 3988 Recognitionibus
1592 3919 1836 3989 subjecta
1862 3958 1877 3985 ,

307 4005 454 4041 num.
525 4029 536 4041 .

304 4005 454 4044 num.
484 4005 536 4041 ἐ).

376 4080 491 4153 (il)
540 4080 665 4135 Vide
690 4083 1138 4153 mathematicum,
1160 4094 1261 4136 ctc.
1295 4083 1573 4153 Expressit
1609 4083 1711 4137 ista
1744 4084 1882 4137 scri-

306 4150 432 4223 ptOr
460 4150 714 4223 Actorum
755 4152 813 4206 S.
843 4152 1160 4216 Sebastiani,
1196 4169 1314 4207 mea
1355 4150 1572 4222 quidem
1613 4155 1880 4208 sententia

302 4220 448 4293 alios
497 4238 525 4274 a
574 4220 632 4275 S.
666 4223 975 4293 Ambrosio.
1009 4223 1245 4291 Prtecipe
1290 4220 1459 4286 hodie,
1503 4224 1699 4293 inquit,
1732 4223 1800 4275 ad
1834 4235 1882 4277 te

302 4292 563 4346 Jlathesis
593 4292 763 4346 venire
804 4293 1102 4358 doctorem;
1138 4296 1222 4347 cui
1246 4294 1416 4358 dicas,
1454 4295 1546 4347 illo
1579 4292 1802 4362 tempore
1835 4303 1883 4348 te

299 4364 506 4435 asperis
532 4364 743 4435 casibus
776 4362 1047 4435 laborasse
1051 4380 1081 4435 ί
1113 4374 1161 4419 et
1194 4365 1398 4435 inquire
1426 4382 1516 4433 per
1536 4382 1665 4434 quas
1697 4365 1880 4418 stellas

297 4432 541 4505 [locitibi
581 4433 808 4505 evenerit
848 4433 1002 4505 mali.
1040 4432 1306 4505 Responsa
1348 4432 1461 4504 ejus
1510 4432 1659 4488 erunt
1699 4434 1880 4505 procul

296 4503 461 4555 dubio
511 4503 681 4565 talia;
719 4503 856 4573 quod
903 4512 1102 4573 tempus
1140 4503 1299 4557 tuum
1328 4503 1655 4558 a'malitioso
1706 4504 1881 4558 Marte
1914 4517 1956 4571 ι)

297 4584 602 4641 susceptum
649 4583 748 4637 est,
801 4584 892 4627 aut
944 4574 1207 4629 Saturnus
1258 4577 1703 4641 apocatastaticus
1746 4576 1870 4644 fuit,

296 4654 399 4699 aut
429 4662 597 4698 annus
627 4654 746 4698 tuus
775 4660 839 4698 ea:
869 4644 1127 4699 diametro
1156 4656 1423 4713 susceptus
1447 4654 1545 4710 est,
1574 4655 1663 4699 aut
1688 4648 1875 4699 clima-

294 4716 497 4769 cterica
517 4715 607 4768 tibi
638 4716 692 4768 in
720 4726 893 4768 centro
918 4726 1040 4770 sunt
1068 4726 1214 4777 nata,
1240 4727 1332 4768 aut
1359 4715 1605 4785 syndetus
1637 4716 1737 4784 fuit
1757 4733 1877 4769 cum
1914 4756 1922 4767 .

292 4785 469 4847 malo,
504 4796 593 4837 aut
633 4786 930 4848 invisibilis,
960 4797 1051 4840 aut
1081 4788 1135 4839 in
1165 4786 1444 4848 schemate,
1476 4796 1566 4839 aut
1594 4787 1876 4840 immobilis

292 4857 448 4910 circa
480 4865 527 4909 te
561 4857 764 4908 exstitit
790 4873 973 4911 cursus
1005 4860 1059 4910 in
1088 4858 1274 4911 stellis.
1312 4856 1441 4911 Ilwc
1484 4868 1534 4911 et
1574 4857 1653 4911 his
1679 4858 1879 4911 similia

288 4943 425 4999 cum
455 4926 670 4999 dixerit,
702 4928 923 4999 rationis
952 4929 1043 4981 tibi
1072 4928 1350 4981 verisimile
1380 4930 1652 4999 assignare
1683 4930 1880 4981 nititur

289 4996 508 5066 aliquid
536 5005 584 5049 et
608 4995 847 5063 probare.
889 5001 998 5067 Age
1026 5015 1181 5060 nunc,
1214 5000 1477 5068 interroga
1492 4995 1733 5053 alterum
1764 5016 1881 5052 ma-

292 5068 673 5138 thematicum;
704 5070 787 5119 cui
815 5070 957 5136 ipsas
984 5069 1161 5125 horas.
1186 5070 1454 5135 ipsumque
1485 5078 1682 5138 tempus
1713 5072 1765 5123 in
1798 5070 1881 5122 bo-

290 5138 387 5190 nis
421 5137 514 5190 tibi
542 5136 855 5191 exuberasse
888 5139 1093 5192 casibus
1138 5138 1285 5193 dicas
1319 5155 1336 5193 :
1368 5140 1509 5192 illico
1538 5136 1734 5194 videbis
1760 5158 1879 5193 eum

288 5206 783 5280 tibirationabilia
803 5208 1067 5280 schemata
1098 5209 1309 5277 infinita
1334 5210 1543 5277 afferre,
1575 5209 1762 5280 quibus
1787 5227 1879 5278 ap-

284 5278 505 5347 probet,
535 5278 659 5346 quia
688 5278 740 5330 in
771 5278 897 5345 ipsis
920 5279 1015 5331 tibi
1040 5280 1353 5346 temporibus
1383 5278 1880 5334 evenire'debuerint

286 5358 462 5405 bona.
484 5348 756 5419 Circulum
784 5350 971 5402 etenim
1004 5358 1139 5403 tenet
1158 5366 1223 5403 ea:
1242 5352 1381 5403 omni
1400 5362 1551 5419 parte
1580 5350 1876 5415 collectum,

285 5422 358 5474 in
401 5436 501 5489 quo
550 5418 785 5472 diversas
834 5428 893 5490 et,
922 5422 1093 5490 varias
1125 5438 1313 5474 causas
1367 5418 1576 5490 accipit,
1607 5438 1670 5475 ex
1694 5421 1888 5488 quibus.

284 5488 632 5545 occasionem
664 5490 838 5560 capiat
862 5488 1069 5542 dicendi
1097 5492 1232 5559 quod
1258 5488 1497 5548 voluerit.
1532 5491 1671 5545 Nam
1695 5494 1879 5560 futura

278 5560 511 5632 penitus
544 5559 824 5628 prteviderc
860 5576 963 5612 non
994 5572 1228 5632 possunt,
1270 5562 1646 5617 climactericas
1677 5559 1872 5627 dicunt,

284 5630 355 5687 id
390 5641 469 5685 est
493 5641 699 5684 natura:
738 5632 814 5683 rei
841 5632 1040 5683 incerta
1069 5630 1333 5701 profagia.
1364 5632 1503 5704 Lege
1533 5636 1577 5689 si
1612 5634 1758 5688 Iubet
1780 5651 1877 5687 no-

286 5714 395 5761 tas
422 5709 737 5772 sequentes.

379 5792 637 5863 (ﬁliAut
684 5792 875 5863 aliquis
923 5809 1102 5846 eorum
1130 5797 1575 5863 apocatastaticus
1610 5794 1731 5863 fuit.
1762 5792 1879 5847 Non

285 5862 621 5919 mirandum
655 5864 699 5918 si
728 5862 968 5933 ignotam
1016 5862 1203 5918 vocem
1250 5865 1302 5917 in
1346 5866 1665 5933 apostolicus
1704 5877 1865 5917 muta-

287 5937 424 5995 rint
450 5933 681 5997 librarii,
718 5932 829 5992 tum
860 5932 968 6000 hic,
1000 5941 1112 5992 tum
1160 5935 1214 5989 in
1263 5933 1429 5989 Gestis
1463 5936 1521 5991 S.
1557 5934 1875 6000 Sebastiani,

1985 3239 2090 3292 que
2138 3216 2256 3277 lo'co
2299 3223 2616 3277 Philocaliae
2646 3222 2896 3291 superius
2936 3216 3133 3292 allato;
3163 3224 3214 3292 in
3246 3235 3415 3290 quoe
3448 3216 3550 3272 Re~

1984 3291 2088 3361 giis
2114 3310 2244 3348 mss.
2286 3294 2495 3348 restitui
2526 3291 3029 3355 ἁποκαταστατικὸς
3056 3305 3152 3359 pro
3180 3291 3551 3361 ἀποκαταᾳτι-

1985 3360 2078 3433 ἱρός
2104 3364 2339 3433 vulgato.
2371 3363 2474 3416 Sed
2501 3362 2892 3433 Sidoniiverba
2923 3376 3030 3433 nou
3059 3361 3227 3433 debeo
3244 3360 3547 3433 praeterire.

1986 3428 2133 3484 Illud
2164 3428 2286 3486 sane
2318 3448 2420 3484 non
2448 3432 2616 3484 solum
2644 3431 2905 3501 culpabile
2937 3432 2991 3483 in
3031 3430 3143 3484 viro
3175 3430 3298 3497 fuit,
3321 3430 3407 3501 sed
3436 3445 3552 3497 per-

1981 3504 2332 3569 emptorium;
2384 3502 2521 3570 quod
2571 3499 2970 3555 mathematicos
3017 3502 3281 3570 quondam
3329 3499 3390 3552 de
3434 3501 3552 3553 vita

1978 3585 2088 3644 sum
2122 3573 2225 3637 [ine
2249 3571 2537 3644 consuluit,
2564 3570 2773 3644 urbium
2820 3572 2952 3644 cives
2992 3571 3401 3644 Africanarum;
3436 3578 3552 3644 qui-

1981 3638 2075 3694 bus
2106 3649 2163 3692 ut
2192 3649 2268 3693 est
2300 3640 2460 3709 regio,
2493 3641 2568 3692 sic
2593 3640 2799 3693 animus
2828 3638 3097 3693 ardentibr
3126 3657 3143 3693 :
3172 3643 3261 3710 qui
3282 3638 3554 3699 constella-

1982 3710 2118 3779 tione
2136 3710 2521 3777 percunctantis
2550 3712 2800 3778 inspecta,
2823 3712 3023 3779 pariter
3046 3728 3239 3764 annum
3260 3752 3274 3774 ,
3300 3730 3547 3774 mensem,

1980 3778 2216 3855 diemque
2260 3780 2530 3855 dixerunt,
2560 3796 2691 3855 quos
2740 3782 2757 3851 (
2783 3792 2838 3834 ut
2884 3780 3033 3834 verbo
3064 3781 3358 3855 Matheseos
3389 3794 3502 3838 utar
3534 3790 3549 3855 )

1981 3851 2358 3922 climactericos
2388 3860 2523 3905 esset
2550 3851 2824 3904 habiturus
2855 3866 2872 3903 :
2903 3862 3077 3918 utpote
3110 3852 3295 3922 quibus
3329 3851 3553 3910 themate

1982 3920 2347 3993 oblato,quasi
2374 3922 2732 3989 sanguinaria:
2759 3922 3013 3991 genitura:
3042 3920 3250 3977 schema
3274 3928 3548 3993 patuisset,

1980 3994 2105 4061 quia
2135 3993 2365 4064 videlicet
2392 3993 2550 4044 amici
2582 3994 2843 4064 nascentis
2873 4010 3030 4053 anno,
3060 4010 3409 4064 quemcunque
3450 3998 3554 4051 cle-

1982 4073 2203 4115 mentem
2242 4062 2621 4131 planeticorum
2660 4061 2893 4114 siderum
2921 4063 3130 4131 globum
3163 4065 3216 4115 in
3242 4061 3552 4120 didstemate

1981 4131 2214 4185 Zodiaco
2236 4148 2452 4200 prosper
2473 4142 2618 4185 ortus
2643 4142 2902 4195 erexerat,
2925 4134 3060 4184 hunc
3086 4133 3138 4185 in
3168 4149 3359 4187 occasu
3380 4152 3555 4190 cruen-

1982 4204 2048 4255 tis
2078 4202 2284 4271 ignibus
2312 4201 2716 4265 inrubescentes,
2755 4219 2844 4255 seu
2881 4218 3035 4271 super
3060 4202 3318 4256 diametro
3344 4203 3554 4259 Mercu-

1983 4275 2111 4343 rius
2136 4272 2441 4343 asyndetus,
2476 4288 2565 4326 seu
2607 4283 3061 4343 supertetragonu
3092 4272 3353 4327 Saturnus
3388 4286 3551 4329 retro-

1982 4341 2214 4412 gradus,
2232 4358 2323 4396 seu
2348 4359 2503 4411 super
2528 4355 2703 4396 centro
2734 4341 2786 4394 Μ
2796 4360 2883 4397 ars
2926 4341 3316 4410 apocatasticus
3342 4360 3555 4399 exacer-

1986 4413 2215 4484 bassent.
2251 4412 2325 4467 De
2360 4413 2815 4477 ἄποκαταστάσει,
2850 4414 2951 4467 hoc
2992 4424 3075 4467 est
3121 4415 3297 4469 reditu
3326 4417 3555 4484 planetm

1984 4483 2051 4537 ad
2095 4483 2235 4537 idem
2287 4484 2499 4551 signum
2546 4484 2788 4546 cwlestc,
2821 4492 2985 4551 agunt
3033 4484 3298 4539 Maximus
3330 4483 3397 4539 in
3441 4502 3488 4541 c.
3520 4488 3557 4541 8

1983 4554 2108 4608 libri
2127 4553 2203 4607 De
2231 4552 2420 4607 divinis
2440 4552 3081 4618 nominibus,Coluniella
3110 4555 3205 4608 lib.
3224 4570 3306 4620 ιιι,
3339 4571 3391 4609 c.
3420 4557 3473 4621 6,
3500 4565 3553 4611 et

1981 4624 2095 4678 alii.

2054 4716 2443 4789 (l3)_Aspexit.
2472 4716 2657 4771 Graece
2684 4716 3077 4789 ὲπεθεώρησεν.
3123 4716 3289 4785 igitur
3323 4718 3375 4771 in
3406 4719 3553 4773 Actis

1984 4786 2315 4853 Sebastiani,
2344 4799 2615 4857 susceptus
2645 4786 2961 4858 corruptum
2985 4797 3068 4842 est
3094 4804 3161 4842 ex
3191 4798 3481 4857 suspectus.

2055 4880 2166 4950 (14)
2188 4880 2276 4950 Vin
2305 4881 2386 4934 his
2410 4879 2649 4935 omnibus
2678 4882 2867 4950 aliquis
2902 4890 2991 4933 aut
3014 4880 3297 4949 asyndetus
3318 4882 3419 4950 fuit
3437 4898 3555 4935 cum

1983 4949 2156 5023 malo.
2185 4949 2438 5023 Legebat,
2470 4949 2772 5014 derivat-210;,
2808 4952 2953 5021 quod
2998 4968 3162 5023 se_nsu
3196 4949 3337 5023 idem
3369 4960 3454 5007 est
3493 4968 3554 5006 ac

1982 5019 2292 5086 ἀσύνθετοςῖ
2325 5023 2427 5090 Qui
2478 5030 2658 5076 autem
2711 5022 2797 5076 hic
2827 5019 2893 5078 et
2937 5023 2991 5075 in
3036 5019 3214 5077 Gestis
3248 5020 3554 5077 Sebastiani

1983 5092 2235 5163 syndetus
2287 5095 2653 5163 scripserunt,
2680 5093 2808 5163 dum
2857 5092 3133 5161 corrigere
3161 5102 3451 5156 conantur,
3488 5096 3559 5146 ob

1985 5161 2316 5233 imperitiam
2368 5161 2503 5233 lapsi
2554 5171 2701 5217 sunt.
2733 5162 2918 5233 Neque
2948 5177 3077 5217 vero
3104 5163 3282 5218 omitti
3309 5164 3495 5218 debuit
3530 5183 3557 5215 a

1983 5231 2181 5288 Ruﬁno
2205 5250 2306 5289 vox
2331 5231 2685 5299 ἀγάθοττοιός..

2054 5325 2162 5393 (15)
2204 5326 2307 5391 Aut
2336 5326 2600 5393 deﬁciens.
2635 5327 2704 5378 Ἦ
2730 5327 2788 5379 ὲν
2818 5325 3073 5395 ἐκλείψει.
3110 5326 3358 5381 Manilius
3383 5325 3478 5381 lib.
3507 5340 3557 5376 tv

1986 5397 2391 5454 Astronomicén
2419 5417 2437 5453 :

2094 5488 2303 5555 Percipe
2324 5504 2458 5541 nunc
2479 5489 2663 5555 etiam,
2684 5504 2801 5558 qua:
2826 5491 2931 5543 sint
2958 5488 3216 5557 Ecliptica
3238 5488 3399 5543 Graio

2092 5558 2340 5629 Nomine,
2367 5575 2481 5628 qua:
2505 5569 2671 5629 certos
2697 5560 2847 5629 quasi
2873 5561 3141 5613 delassata
3164 5576 3254 5629 per
3273 5577 3436 5615 annos

2090 5628 2481 5700 Nonnunquam
2502 5628 2713 5684 cessant
2729 5631 2900 5683 sterili
2924 5628 3181 5699 torpentia
3205 5642 3369 5684 motu.

1970 5722 2156 5791 Atque
2186 5723 2314 5777 hinc
2336 5731 2481 5792 patet
2511 5739 2609 5777 cur
2640 5724 2692 5777 in
2726 5726 2868 5777 Actis
2894 5720 3194 5778 Sebastiani
3232 5722 3498 5778 habeatur
3532 5744 3546 5778 :

1983 5796 2086 5847 Aut
2118 5792 2399 5848 immobilis
2428 5797 2569 5848 circa
2602 5802 2647 5849 te
2677 5796 2880 5850 exstitit
2911 5811 3095 5848 cursus
3127 5795 3181 5848 in
3204 5794 3392 5849 stellis.

2056 5866 2073 5935 (
2084 5865 2164 5946 ιιξ)
2206 5863 2271 5917 1η
2294 5867 2434 5920 οηιηὶ
2453 5882 2606 5936 quam
2629 5866 2809 5921 dicunt
2827 5868 3031 5936 regione
3049 5865 3341 5920 stellarum.
3360 5864 3547 5935 Χιέορᾳ,

1982 5952 2087 5991 non
2115 5953 2250 6005 ιιιςᾳ..
