4022 6274
566 388 702 444 ιω

1388 390 1445 443 S.
1486 386 1887 445 CLEHENTIS
1920 386 1940 440 I
1976 386 2144 442 11031.
2178 388 2382 443 ΡΟΝΤ.
2418 385 2642 443 OPERA
2676 386 2877 444 DUBIA

3572 346 3577 349 ’
3654 388 3771 443 me

634 505 749 561 XII.
784 507 935 560 Sicut
964 507 1108 561 enim
1141 507 1253 562 fieri
1286 508 1424 562 solet
1446 505 1537 560 ubi
1560 505 1774 559 somnia
1804 504 2027 573 obliqua
2063 503 2134 556 vi-
2162 509 2210 565 Δ
2237 502 2364 558 fecit
2386 505 2589 557 omnia.
2620 502 2677 557 Si
2693 504 2838 557 enim
2869 502 3124 573 Magister
3144 510 3330 556 noster
3352 499 3493 555 diem
3510 512 3563 557 et
3586 501 3767 565 horam.

563 600 743 654 derint
768 598 1036 659 homines,
1058 607 1111 653 et
1128 597 1417 667 nihiljcerti
1438 597 1769 667 intelligunt,
1792 610 1915 649 eum
1934 595 2130 663 aliquis

562 693 862 745 occurrerit
884 692 1063 745 exitus
1087 706 1289 755 rerum,
1321 697 1453 743 tunc
1481 688 1549 742 ad
1576 703 1641 743 ea
1671 704 1793 758 quae
1831 687 2132 741 acciderint

562 790 747 851 aptant
790 784 951 837 etiam
997 783 1195 839 somnii
1225 782 1448 847 visum,
1484 781 1558 834 ita
1596 788 1681 835 est
1721 788 1776 834 et
1824 780 2127 843 mathesis;

558 886 850 945 antequam
901 876 1105 947 aliquid
1158 876 1276 937 fiat,
1334 873 1469 928 certi
1524 873 1662 927 nihil
1720 873 2126 942 pronuntiatur,

557 976 747 1036 postea
796 984 925 1023 vero
961 984 1121 1039 quam
1155 968 1359 1039 aliquid
1400 968 1683 1027 acciderit,
1710 966 1790 1019 rei
1817 966 1929 1034 jam
1966 972 2131 1035 gestae

555 1061 824 1129 colligunt
858 1075 1075 1117 causas.
1112 1060 1353 1129 Denique
1398 1058 1711 1129 frequenter
1745 1074 1870 1112 eum
1907 1072 2129 1111 errave-

559 1154 667 1207 rint
690 1160 743 1207 et
780 1153 937 1207 aliter
969 1169 1057 1209 res
1075 1153 1358 1217 acciderit,
1391 1152 1713 1221 semetipsos
1738 1151 2023 1219 increpant
2052 1148 2131 1202 di-

559 1253 745 1299 centes
774 1245 901 1313 quia
944 1246 1035 1298 illa
1062 1245 1164 1299 fuit
1194 1245 1347 1301 stella
1387 1260 1508 1315 qua:
1546 1244 1847 1316 impedivit,
1888 1258 2009 1313 quae
2036 1256 2131 1295 oc-

559 1339 757 1399 currit,
782 1345 965 1391 etnon
995 1338 1582 1408 vidimus,ignorantes
1597 1337 1725 1407 quia
1755 1350 1914 1391 error
1939 1350 2127 1389 eorum

560 1446 668 1484 non
705 1446 767 1485 ex
810 1430 943 1487 artis
976 1429 1365 1500 imprudentia,
1396 1430 1491 1485 sed
1521 1446 1586 1485 ex
1629 1430 1801 1485 totius
1831 1443 2015 1483 causa:
2043 1427 2131 1481 in-

560 1522 934 1577 convenientia
978 1522 1302 1578 deseeudit:
1344 1523 1592 1593 ignorant
1637 1522 1782 1575 enim
1828 1537 1949 1592 quae
1995 1520 2128 1587 sint,

558 1631 678 1685 qua:
700 1614 877 1671 facere
906 1616 1123 1686 quidem
1159 1617 1638 1687 concupiscamus,
1668 1630 1779 1669 non
1818 1623 1998 1669 tamen
2046 1616 2130 1669 in-

559 1708 880 1779 dulgeamus
906 1709 1391 1779 concupiscentiis.
1419 1707 1531 1763 Nos
1556 1716 1737 1763 autem
1769 1708 1860 1777 qui
1885 1707 2128 1777 mysterii

559 1798 724 1869 hujus
758 1798 1050 1854 didicimus
1078 1799 1367 1861 rationem,
1400 1799 1606 1854 scimus
1642 1806 1696 1853 et
1728 1811 1974 1859 causam,
2000 1795 2128 1866 quia

2242 596 2413 664 eujus
2442 598 2605 651 etiam
2620 597 2776 665 signa
2794 595 3067 667 praedixit,
3089 595 3309 649 nescire
3323 610 3383 649 se
3398 595 3767 665 professusest,

2234 695 2293 740 ut
2327 696 2501 741 totum
2536 696 2819 742 revocaret
2846 686 2912 741 ad
2936 686 3172 749 Patrem,
3204 687 3481 757 quomodo
3518 704 3617 743 nos
3637 699 3769 759 turpe

2232 777 2518 843 ducemus,
2543 780 2589 833 si
2613 779 2794 848 aliqua
2824 793 2925 833 nos
2950 778 3200 848 ignorare
3228 777 3515 842 fateamur,
3546 796 3661 834 eum
3682 780 3770 833 Bla-

2232 873 2387 944 gistri
2412 873 2583 927 inhoc
2607 873 2905 927 habeamus
2931 872 3273 941 exemplum?
3294 871 3406 927 Hoc
3423 883 3597 927 tamen
3629 890 3769 929 unum

2232 966 2551 1036 proﬁtemur
2581 980 2645 1017 ea
2667 980 2770 1019 nos
2793 965 2956 1027 scire,
2989 981 3111 1034 qua:
3138 980 3171 1017 a
3208 981 3340 1020 vero
3360 967 3615 1036 propheta
3652 967 3770 1021 didi-

2231 1061 2443 1125 cimus;
2476 1074 2540 1113 ea
2560 1068 2738 1112 autem
2761 1073 2791 1111 a
2811 1074 2941 1113 vero
2960 1060 3223 1129 propheta
3250 1058 3412 1114 nobis
3433 1075 3556 1114 esse
3579 1062 3768 1127 tradita,

2231 1167 2351 1222 quae
2375 1150 2629 1205 sufficere
2656 1151 2907 1205 humana:
2935 1153 3176 1206 scientia:
3198 1152 3481 1221 judicavit.

2303 1243 2420 1298 XV.
2456 1243 2593 1299 Tum
2641 1261 2743 1316 ego
2781 1245 3033 1299 Clemens
3075 1245 3257 1300 dicere
3298 1246 3373 1299 ita
3417 1248 3559 1316 (σψὶ
3596 1247 3768 1318 :Apud

2232 1335 2497 1406 Tripolim
2545 1352 2671 1390 cum
2712 1344 2907 1391 contra
2958 1336 3188 1406 gentiles
3216 1336 3551 1405 disputares,
3578 1336 3769 1393 domine

2231 1429 2307 1483 mi
2336 1427 2517 1493 Petre,
2549 1428 2706 1483 valde
2727 1429 2959 1483 miratus
2980 1444 3101 1483 sum
3134 1436 3210 1492 te,
3237 1429 3331 1498 qui
3363 1444 3391 1482 a
3420 1430 3658 1500 patribus
3682 1428 3769 1484 He-

2229 1521 2375 1577 brmo
2423 1521 2532 1574 ritu
2574 1530 2628 1575 et
2672 1522 3036 1577 observantiis
3065 1522 3299 1591 propriae
3343 1522 3475 1592 legis
3528 1524 3765 1587 imbutus,

2229 1612 2433 1667 Graecae
2463 1613 2793 1668 eruditionis
2832 1613 3029 1667 studiis
3068 1615 3123 1666 in
3164 1614 3317 1667 nullo
3354 1614 3665 1682 inquinatus
3687 1629 3765 1677 es,

2229 1704 2505 1775 quomodo
2548 1713 2660 1757 tam
2708 1704 2995 1775 magniﬁce
3037 1712 3092 1759 et
3143 1712 3252 1757 tam
3303 1705 3770 1776 incomparabiliter

2231 1805 2554 1869 prosecutus
2598 1798 2697 1862 sis,
2746 1798 2821 1851 ita
2862 1805 2923 1851 ut
2966 1797 3131 1853 etiam
3162 1796 3412 1867 quadam
3443 1798 3515 1852 de
3560 1797 3769 1852 historiis

560 1891 866 1945 libertatem
894 1890 1157 1946 habentes
1178 1891 1392 1945 arbitrii
1425 1890 1700 1945 interdum
1730 1890 2126 1959 concupiscen-
2157 1907 2199 1961 Β
2227 1891 2457 1946 dwrum
2488 1898 2611 1961 quae
2639 1891 2696 1944 in
2722 1889 2951 1945 theatris
2984 1888 3265 1945 decantari
3288 1892 3488 1954 solent,
3525 1892 3772 1958 continge-

558 1980 653 2035 tiis
694 1980 1040 2046 obsistimus,
1072 1980 1341 2035 interdum
1371 1981 1651 2036 cedimus:
1689 1988 1743 2035 ct
1773 1980 1895 2034 ideo
1936 1980 2127 2033 huma-

562 2086 754 2124 norum
787 2080 1062 2140 gestorum
1099 2070 1209 2140 (l7)
1250 2072 1495 2125 incertus
1531 2078 1617 2125 est
1664 2070 1864 2135 exitus,
1895 2069 2025 2138 quia
2072 2068 2127 2121 in

564 2162 809 2216 libertate
839 2162 1034 2231 pendet
1060 2162 1293 2217 arbitrii.
1320 2160 1454 2216 Nam
1482 2162 1979 2232 concupiscentiam
2006 2161 2127 2231 qui-

561 2254 705 2319 dem,
728 2269 889 2324 quam
917 2262 1173 2323 operatur
1200 2255 1435 2326 maligna
1463 2256 1656 2321 virtus,
1687 2262 1864 2324 potest
1887 2255 2129 2309 indicare

561 2347 1008 2413 mathematicus;
1050 2348 1145 2402 sed
1173 2348 1223 2402 si
1258 2347 1715 2418 concupiscentia:
1757 2347 1923 2417 hujus
1973 2354 2127 2401 actus

560 2439 645 2493 vel
674 2440 852 2493 exitus
884 2439 1097 2508 impleri
1141 2439 1313 2509 possit
1341 2454 1534 2504 necne,
1576 2440 1703 2510 quia
1734 2439 1787 2493 in
1825 2439 2034 2493 arbitrii
2062 2439 2130 2492 li-

562 2532 771 2585 bertate
796 2537 903 2594 est,
927 2530 1057 2586 sciri
1088 2539 1213 2585 ante
1240 2530 1491 2586 effectum
1525 2531 1603 2585 rei
1626 2548 1656 2583 ει
1680 2531 1828 2585 nullo
1850 2528 2130 2600 potest.,Et

562 2622 665 2677 huc
688 2631 772 2677 est
800 2623 943 2694 quod
964 2623 1277 2694 ignorantes
1307 2624 1566 2693 astrologi
1595 2623 1918 2677 invenerunt
1940 2620 2043 2675 sibi
2071 2627 2131 2674 ut

560 2717 901 2770 climacteras
917 2716 1183 2777 dicerent,
1200 2715 1277 2769 rei
1290 2715 1725 2769 scilicetincerta:
1738 2711 1980 2782 perfugia
1994 2710 2127 2781 (l8),

560 2809 703 2865 sicut
734 2808 988 2863 hesterno
1024 2808 1336 2878 plenissime
1356 2808 1715 2863 ostendimus.

632 2900 767 2956 Xlll.
793 2900 871 2955 Ad
894 2901 1007 2955 haec
1026 2901 1070 2956 si
1101 2901 1230 2971 quid
1254 2899 1347 2954 tibi
1370 2898 1658 2954 dicendum
1675 2898 1907 2962 videtur,
1939 2896 2127 2953 dicito.

562 2991 626 3046 Et
656 3001 845 3063 pater:
881 2991 1023 3047 Nihil
1060 2994 1262 3054 verius,
1309 2990 1506 3060 inquit,
1546 2990 1642 3055 fili,
1676 2989 1762 3045 his
1789 3004 1915 3059 quae
1942 3003 2132 3057 prose-

562 3093 721 3141 cutus
769 3101 829 3142 es
858 3085 989 3156 (19).
1030 3083 1275 3154 Cumque
1306 3084 1421 3137 haec
1455 3084 1800 3152 loqueremur
1844 3081 1984 3135 inter
2006 3096 2127 3146 nos,

560 3178 833 3233 nuntiavit
861 3176 1080 3247 quidam
1111 3175 1403 3245 plurimum
1424 3184 1570 3229 stare
1595 3176 1854 3244 papulum
1877 3172 2011 3229 foris
2036 3174 2130 3245 qui

2229 1998 2338 2037 res.
2364 1981 2565 2037 Verum
2588 1983 2845 2055 quoniam
2878 1985 3026 2038 sensi
3049 1984 3148 2038 tibi
3166 1984 3316 2055 ipsas
3341 1984 3556 2039 fabulas
3579 1993 3630 2038 et
3650 1982 3773 2037 blas-

2228 2077 2476 2149 phemias
2504 2094 2693 2132 eorum
2724 2078 2905 2133 minus
2931 2095 3053 2134 esse
3081 2087 3261 2145 notas,
3285 2078 3352 2132 de
3376 2079 3486 2143 bis,
3519 2079 3565 2133 si
3601 2077 3771 2148 placet,

2227 2173 2406 2243 aliqua
2432 2173 2484 2227 in
2509 2173 2697 2227 auditu
2727 2180 2822 2226 tuo
2852 2181 3104 2244 repetens
3133 2173 3201 2227 ab
3237 2174 3353 2243 ipsa
3382 2172 3591 2242 origine
3620 2172 3770 2225 disse-

2230 2274 2366 2314 ram.
2398 2258 2463 2312 Et
2486 2260 2681 2317 Petrus
2716 2276 2730 2312 :
2759 2260 2875 2326 Dic,
2897 2260 3094 2331 inquit,
3118 2261 3256 2315 bene
3288 2259 3424 2315 facis
3448 2262 3639 2328 juvare
3661 2271 3774 2327 pm-

2229 2351 2556 2407 dicationem
2594 2361 2862 2409 nostram.
2895 2352 3034 2408 Tum
3057 2370 3160 2425 ego
3202 2370 3215 2405 :
3264 2352 3452 2408 Dicam
3489 2351 3644 2421 igitur
3669 2347 3773 2418 quia

2224 2442 2416 2513 jubes,
2467 2460 2579 2499 non
2626 2453 2685 2498 ut
2729 2445 2953 2512 docens,
3006 2445 3102 2500 sed
3137 2460 3299 2516 quam
3346 2445 3547 2499 stultas
3584 2442 3646 2496 de
3678 2437 3765 2492 diis

2230 2534 2348 2590 suis
2386 2536 2673 2606 opiniones
2699 2537 2938 2593 habeant
2988 2539 3240 2609 gentiles,
3271 2538 3327 2591 in
3357 2535 3595 2591 medium
3624 2529 3774 2603 profe-

2232 2641 2379 2683 rens.

2302 2718 2439 2775 XVI.
2477 2721 2723 2793 Cumque
2746 2725 2935 2779 vellem
2966 2724 3167 2787 dicere,
3197 2722 3385 2778 Niceta
3417 2719 3629 2776 labrum
3657 2734 3773 2775 mor-

2230 2810 2388 2867 dicus
2430 2813 2728 2884 stringens,
2773 2814 3035 2869 innuebat
3072 2814 3301 2883 mihi,ut
3328 2821 3602 2879 tacerem;
3636 2823 3773 2882 quem

2231 2920 2357 2960 cum
2390 2905 2613 2961 vidisset
2640 2904 2855 2970 Petrus,
2881 2906 2957 2959 ait
2982 2925 2995 2960 :
3026 2904 3137 2960 Cur
3168 2906 3445 2977 ingenium
3501 2905 3703 2961 liberale
3730 2906 3775 2955 et

2232 3012 2551 3068 generosam
2580 2996 2773 3053 laadere
2798 2998 2880 3053 vis
2909 3006 3182 3061 naturam,
3212 3006 3271 3053 ut
3301 2999 3356 3052 in
3379 2998 3637 3053 honorem
3665 2993 3772 3057 mei,

2233 3088 2327 3157 qui
2363 3087 2550 3143 nullus
2579 3096 2695 3153 est,
2739 3098 2920 3144 tacere
2947 3104 3072 3144 eum
3092 3089 3268 3144 velis?
3303 3089 3411 3143 Aut
3441 3091 3641 3150 nescis,
3668 3085 3775 3155 quia

2234 3179 2283 3235 si
2316 3194 2508 3236 omnes
2535 3188 2746 3251 gentes,
2777 3188 3065 3251 postquam
3099 3180 3376 3235 audierint
3410 3196 3442 3234 a
3500 3196 3583 3235 me
3611 3176 3777 3250 praedi-

562 3268 814 3323 audiendi
846 3267 1015 3337 gratia
1043 3264 1419 3326 convenerint,
1448 3268 1502 3316 et
1532 3260 1906 3330 Petrusjussit
1941 3260 2026 3315 his
2047 3261 2129 3314 in-
2157 3256 2199 3311 C
2232 3267 2503 3323 οειίοηειη
2532 3268 2779 3324 vel-imis
2823 3277 2878 3325 ει
2924 3268 3276 3337 crediderim,
3320 3270 3493 3327 νειίηι
3521 3286 3580 3326 se
3606 3269 3665 3322 ad
3692 3267 3775 3322 do.

561 3362 837 3435 grediendi
868 3362 1079 3431 copiam
1102 3358 1218 3412 dari
1242 3375 1256 3424 ;
1286 3366 1404 3413 erat
1430 3358 1576 3413 enim
1608 3357 1761 3413 locus
1790 3365 2131 3428 opportunus

562 3465 616 3509 et
638 3456 871 3525 amplus.
902 3451 1148 3521 Cumque
1173 3452 1407 3520 ingressi
1438 3450 1693 3516 fuissent,
1718 3451 1794 3504 ait
1817 3449 1884 3504 ad
1910 3466 2012 3505 nos
2032 3448 2132 3505 Pe-

563 3557 681 3601 trus
710 3561 723 3597 :
752 3543 808 3600 Si
843 3545 966 3615 quis
987 3546 1102 3599 vult
1123 3552 1389 3607 vestrum,
1424 3543 1587 3599 faciat
1626 3542 1693 3598 ad
1727 3543 1986 3614 populum
2016 3557 2134 3598 ser-

562 3653 775 3693 monem
809 3646 862 3693 et
898 3638 965 3694 de
997 3636 1307 3692 idololatria
1335 3636 1589 3693 disserat.
1621 3634 1722 3690 Cui
1750 3650 1849 3706 ego
1877 3633 2132 3704 Clemens

564 3731 821 3803 reSpondi
853 3752 865 3786 :
899 3730 1065 3785 Multa
1087 3731 1397 3800 benignitas
1422 3737 1515 3783 tua
1546 3736 1599 3783 et
1625 3743 1753 3798 erga
1776 3742 1965 3783 omnes
1994 3728 2133 3782 leni-

563 3832 649 3878 tas
689 3838 752 3879 ac
784 3823 1041 3894 patientia
1077 3822 1322 3892 indulget
1350 3819 1529 3882 nobis,
1556 3827 1617 3871 ut
1654 3818 1951 3872 audeamus
1983 3818 2131 3887 loqui

561 3929 747 3969 coram
776 3923 829 3969 te
856 3922 908 3969 et
948 3928 1138 3985 rogare
1170 3927 1289 3983 quae
1318 3911 1605 3974 volumus;
1632 3919 1685 3964 et
1716 3908 1862 3973 ideo,
1904 3917 1965 3963 ut
1997 3908 2130 3971 dixi,

565 4024 779 4063 morum
810 4017 1027 4063 tuorum
1052 4003 1415 4063 mansuetudo
1434 4003 1628 4057 invitat
1650 4012 1839 4057 omnes
1856 4009 1909 4056 et
1932 4001 2133 4056 adhor-

565 4112 709 4158 tatur
731 4101 986 4159 salutaris
1010 4101 1270 4156 doctrina:
1285 4102 1552 4169 praecepta
1581 4094 1877 4163 suscipere.
1897 4091 2011 4148 Hoc
2035 4108 2135 4163 ego

564 4210 735 4267 usque
765 4195 831 4249 ad
851 4209 1089 4265 praesens
1113 4191 1253 4263 apud
1277 4189 1484 4245 nullum
1513 4188 1679 4242 alium
1705 4185 1834 4251 vidi,
1860 4186 1966 4241 nisi
1989 4185 2133 4256 apud

563 4298 615 4346 te
631 4291 828 4355 solum,
845 4288 986 4360 apud
1009 4302 1169 4357 quem
1196 4282 1394 4339 invidia
1421 4281 1567 4335 nulla
1584 4287 1666 4335 est
1687 4294 1861 4363 neque
1882 4277 2131 4349 indigna-

562 4382 668 4448 tio;
701 4391 793 4437 aut
821 4380 951 4451 quid
980 4380 1077 4433 tibi
1108 4376 1355 4431 videtur?
1820 4364 1835 4377 “’

634 4474 773 4529 XIV.
810 4474 873 4530 Et
904 4473 1099 4529 Petrus
1135 4488 1146 4522 :
1186 4469 1305 4524 Non
1345 4471 1524 4524 solum
1565 4469 1678 4521 haec
1705 4482 1770 4521 ex
1811 4464 2013 4520 invidia
2040 4471 2134 4518 aut

2234 3361 2467 3416 cendum
2510 3363 2782 3431 conferre,
2814 3364 2949 3419 mihi
2990 3366 3254 3435 majorem
3305 3367 3528 3436 pariunt
3552 3367 3772 3439 gloriam,

2232 3451 2503 3522 siquidem
2533 3454 2719 3524 gloriae
2736 3470 2821 3509 me
2842 3455 3098 3526 cupidum
3131 3457 3326 3527 putas?
3353 3456 3497 3523 Quid
3523 3458 3659 3513 enim
3685 3464 3775 3509 tam

2230 3544 2530 3616 gloriosum
2549 3562 2711 3616 quam
2741 3546 2962 3602 Christo
2987 3547 3288 3618 discipulos
3312 3564 3665 3619 praeparasse,
3686 3560 3775 3600 non

2237 3637 2329 3708 qui
2372 3644 2590 3693 taceant
2623 3645 2678 3693 et
2717 3639 2820 3695 soli
2858 3639 2996 3695 salvi
3049 3638 3202 3707 ﬁant,
3242 3640 3341 3695 sed
3379 3640 3474 3711 qui
3517 3641 3777 3710 loquantur

2233 3744 2354 3799 quae
2391 3728 2719 3796 didicerunt,
2751 3740 2805 3787 et
2830 3732 3019 3788 multis
3060 3732 3309 3803 prosint?
3339 3731 3559 3788 Utinam
3583 3730 3775 3802 quidem

2232 3829 2287 3877 et
2308 3822 2610 3888 tu,Niceta,
2645 3823 2739 3879 sed
2766 3834 2819 3879 et
2846 3832 2927 3889 tu,
2953 3826 3269 3881 dulcissime
3300 3824 3521 3897 Aquila,
3548 3821 3777 3895 juvaretis

2234 3927 2320 3967 me
2350 3915 2416 3968 ad
2452 3915 2854 3984 praedicandum
2891 3915 3113 3970 verbum
3149 3914 3267 3982 Dei,
3306 3929 3372 3970 eo
3408 3916 3584 3986 magis
3608 3928 3704 3983 quo
3726 3923 3775 3964 ei

2236 4005 2290 4059 in
2311 4006 2508 4076 quibus
2525 4021 2579 4061 er
2589 4014 2713 4060 rant
2740 4007 2991 4077 gentiles,
3023 4007 3160 4063 bene
3182 4008 3338 4063 vobis
3355 4014 3629 4078 comperta
3649 4008 3773 4059 sunt:

2235 4107 2290 4156 et
2332 4116 2442 4155 non
2486 4100 2663 4155 solum
2701 4116 2821 4167 vos,
2855 4100 2948 4157 sed
2982 4108 3036 4156 et
3073 4115 3263 4157 omnes
3302 4103 3395 4170 qui
3425 4101 3649 4156 audiunt
3686 4110 3775 4158 me,

2232 4201 2383 4263 Opto,
2454 4200 2513 4245 ut
2554 4191 2813 4259 dixi,1ita
2853 4192 3043 4247 audire
3067 4201 3119 4247 et
3157 4192 3392 4257 discere,
3440 4201 3500 4247 ut
3533 4200 3585 4247 et
3612 4191 3781 4245 docere

2233 4286 2475 4357 possint;
2511 4286 2698 4340 multis
2736 4300 2972 4356 namque
3005 4286 3349 4355 adjutoribus
3389 4285 3597 4356 indiget
3634 4295 3775 4335 mun-

2235 4376 2360 4441 dus,
2380 4377 2578 4448 quibus
2593 4376 2843 4432 homines
2867 4376 2933 4431 ab
2964 4392 3151 4431 errore
3178 4384 3523 4433 revocentur.
3564 4376 3780 4441 Cumque

2237 4468 2354 4524 haec
2388 4467 2636 4533 dixisset,
2668 4467 2745 4522 ait
2772 4467 2840 4523 ad
2880 4483 3002 4523 me:
3043 4466 3125 4521 Tu
3156 4481 3309 4538 ergo,
3344 4465 3619 4532 Clemens,
3645 4476 3779 4518 exse-

566 4566 942 4637 indignatione
983 4564 1229 4628 veniunt,
1262 4562 1357 4617 sed
1379 4558 1653 4615 interdum
1684 4558 1824 4613 inest
1854 4556 2135 4627 aliquibus
2163 4600 2214 4660 Β
2237 4575 2405 4631 quere
2425 4575 2546 4631 qua:
2565 4560 2801 4631 cwpisti.

562 4659 914 4724 verecundia,
940 4673 1008 4713 ne
1034 4656 1171 4713 forte
1200 4654 1268 4711 de
1306 4654 1392 4709 his
1414 4669 1535 4725 quae
1554 4658 1952 4723 proponuntur,
1978 4651 2137 4722 plene

565 4756 895 4827 respondere
923 4770 1032 4810 non
1064 4752 1295 4825 possint,
1310 4759 1364 4805 et
1380 4750 1593 4821 fugiunt
1616 4746 1899 4817 imperitiae
1924 4754 2133 4803 notam.

568 4846 675 4903 Sed
704 4862 811 4900 non
835 4845 994 4900 debet
1016 4859 1113 4914 pro
1138 4842 1241 4898 hoc
1271 4840 1395 4910 quis
1432 4836 1813 4893 verecundiam
1843 4836 1975 4904 pati,
2009 4838 2135 4904 quia

566 4954 666 4995 nec
693 4946 777 4993 est
809 4936 1007 5007 aliquis
1039 4932 1318 4988 hominum
1340 4931 1435 5000 qui
1463 4927 1705 4999 profiteri
1732 4924 1926 4981 debeat
1952 4928 2134 4981 omnia

568 5052 627 5089 se
651 5034 828 5096 seire;
862 5045 1003 5084 unus
1024 5029 1167 5083 enim
1202 5025 1398 5094 estqui
1431 5024 1533 5078 scit
1564 5019 1770 5083 omnia,
1798 5019 2045 5088 ipse_qui
2078 5027 2134 5075 et

2309 4653 2474 4711 XVII.
2507 4654 2575 4709 Et
2613 4671 2712 4726 ego
2746 4655 3007 4709 continuo
3044 4653 3302 4725 subjunxi
3345 4669 3359 4704 :
3400 4652 3694 4720 Quoniam,
3733 4650 3781 4696 ιιι

2238 4748 2372 4812 dixi,
2391 4750 2534 4818 apud
2557 4747 2817 4818 Tripolim
2838 4748 3142 4817 disputans,
3164 4748 3332 4800 multa
3348 4746 3416 4801 de
3438 4745 3546 4800 diis
3568 4742 3782 4815 gentium

2239 4841 2449 4895 utiliter
2482 4851 2532 4895 et
2558 4841 2872 4895 necessario
2901 4839 3231 4904 disseruisti,
3269 4838 3433 4908 cupio
3483 4838 3551 4892 de
3596 4833 3780 4903 origine

2237 4945 2425 4983 eorum
2460 4930 2691 4985 ridicula
2740 4938 2793 4986 te
2845 4945 3029 4985 coram
3065 4944 3358 4999 exponere,
3414 4937 3473 4983 ut
3512 4943 3685 4998 neque
3738 4930 3781 4974 le

2238 5022 2401 5078 lateat
2427 5038 2579 5078 vana:
2597 5023 2761 5093 hujus
2792 5022 3195 5093 superstitionis
3222 5028 3614 5083 commentum,
3634 5028 3684 5073 et
3702 5029 3781 5069 au-

1846 5178 2208 5236 COTELERI]
2256 5180 2487 5236 NOTAE.

640 5361 749 5429 (l7)
794 5357 859 5411 Et
887 5356 999 5409 ideo
1030 5355 1379 5429 humanorum
1400 5360 1686 5429 gestorum,
1717 5358 1825 5429 etc.
1859 5347 1959 5404 Hic
1988 5346 2137 5402 Ruﬁ-

567 5422 672 5487 nus
702 5422 955 5483 Rufinum
987 5428 1115 5493 agit.
1151 5424 1252 5476 hoc
1279 5433 1381 5493 est,
1428 5422 1607 5477 laxum
1660 5422 1971 5491 malumque
2007 5435 2138 5490 prte-

568 5503 758 5559 sertim
790 5502 845 5553 in
876 5494 1287 5552 obscurioribus
1319 5492 1689 5561 interpretem.

639 5572 749 5642 (l8)
795 5568 1233 5642 Ut__climacterqs
1249 5562 1528 5642 Δάὶιεενεῃζ,
1565 5562 2137 5642 rei_sci_lirle_t.incertte_

569 5630 829 5709 nerfug'n'a.
862 5638 1000 5692 Hinc
1031 5634 1226 5709 scribi“
1246 5633 1384 5689 forte
1413 5634 1624 5709 debeat
1654 5633 1708 5687 in
1740 5633 1796 5687 S.
1830 5630 2135 5709 Sebastiani

572 5699 770 5765 Actis‘:
801 5710 1146 5764 Climacleras
1172 5704 1373 5768 dicunt,
1406 5704 1459 5755 id
1489 5714 1567 5757 est
1599 5715 1790 5756 natura
1821 5703 1895 5756 rei
1927 5703 2136 5755 incertat

572 5783 822 5849 perfugia.
858 5778 1014 5831 Aliud
1052 5782 1257 5849 sonant
1298 5773 1535 5849 Graeca;
1583 5776 1721 5835 Τοὺς
1760 5772 2134 5849 κλιμακτῆρᾳς

574 5840 888 5916 item”,
921 5850 997 5909 εἰς
1040 5844 1333 5913 ἀδηλότητα
1365 5844 1667 5912 ποιούμενοι
1697 5846 1776 5900 vel
1816 5840 2132 5913 μὲταποιού-

2245 5364 2396 5418 μενοι
2421 5346 2519 5418 τὴν
2546 5343 2878 5418 προαίρεδΐιγ-
2899 5340 3101 5418 Nempe
3121 5358 3134 5394 ε
3154 5339 3503 5418 ίιίίϊπαέίεταδ
3533 5328 3785 5418 “MM

2240 5412 2382 5484 aunt,
2414 5412 2632 5471 liberant
2661 5412 2884 5468 hominis
2911 5414 3228 5467 uoluntatem
3247 5412 3300 5465 in
3322 5412 3518 5464 incerto
3539 5414 3781 5477 ponentes,

2240 5496 2334 5542 aut
2364 5490 2417 5542 in
2446 5504 2553 5541 rem
2584 5486 2836 5539 incertam
2867 5492 3267 5538 commutantes.

2309 5559 2421 5630 (i9)
2464 5556 2616 5630 Nihil
2644 5556 2835 5619 verius,
2867 5556 3054 5630 inquit,
3097 5551 3319 5630 [ilignis
3360 5565 3474 5630 qua;
3499 5552 3783 5630 prosecu'tttt

2238 5611 2591 5698 es.‘it|'ieujus
2622 5611 2880 5698 momenti
2910 5611 2993 5698 est
3023 5611 3392 5698 lectio’Grgeca
3438 5611 3667 5698 quorum
3696 5611 3778 5698 Ιξς-

2472 5678 3141 5767 ἲᾶδᾶίξὺῖήξᾶπὲκρινάτο,
3179 5692 3341 5762 μηδὲν
3381 5688 3587 5743 τούτων
3617 5678 3787 5755 ἀληθέο

2246 5761 2432 5841 ἔντερον
2459 5766 2592 5823 εἶναι
2622 5761 2695 5822 ὧν
2728 5764 2895 5821 εἶπεν.
