4036 6252
360 294 497 380 1429

1590 311 2154 371 RECOGNITIONUM
2186 313 2313 368 LIB.
2353 313 2411 370 Χ.

3468 306 3604 362 μδο

356 437 678 507 ditoresqui
708 435 975 491 assistunt
1000 431 1206 487 erroris
1230 429 1313 487 sui
1339 431 1537 501 probra
1569 438 1923 500 cognoscant.
1960 436 2002 492 Α
2038 430 2143 484 tior
2190 429 2308 498 ipso
2360 427 2578 481 futurus
2630 434 2777 482 esset
2815 420 3089 499 regnoque
3116 418 3241 485 eum
3286 424 3601 494 depelleret.

357 528 525 584 Aiunt
567 543 695 599 ergo
715 528 805 597 qui
830 524 1188 595 sapientiores
1217 533 1343 579 sunt
1363 524 1505 580 inter
1546 524 1796 595 gentiles,
1816 525 1927 593 pri“-

354 635 445 676 mo
476 622 718 676 omnium
750 621 916 675 chaos
949 618 1146 675 fuisse:
1180 620 1285 673 hoc
1313 633 1409 688 per
1455 619 1684 672 multum
1712 627 1926 687 tempus

354 714 655 768 exteriores
688 716 771 767 sui
798 713 1040 767 solidans
1060 719 1263 781 partes,
1300 711 1439 765 ﬁnés
1482 712 1582 765 sibi
1609 722 1664 765 et
1696 708 1924 764 fundum

352 803 641 873 quemdam
674 801 867 857 fecisse
896 812 1153 873 tanquam
1187 802 1243 855 in
1274 801 1360 855 ovi
1405 803 1661 857 immanis
1704 801 1923 854 modum

354 896 693 967 formamque
721 897 1034 959 collectum,
1071 895 1215 949 intra
1251 894 1398 964 quod
1442 895 1611 948 multo
1646 893 1925 947 nihilomi-

352 1006 457 1044 nus
480 996 740 1058 tempore,
768 988 924 1058 quasi
945 988 1088 1042 intra
1121 990 1206 1043 ovi
1241 995 1457 1051 testam,
1486 986 1658 1041 fotum
1689 985 1927 1039 viviﬁca-

350 1091 573 1152 tumque
601 1096 722 1136 esse
742 1080 941 1135 animal
963 1080 1234 1150 quoddam
1255 1099 1269 1148 ;
1289 1081 1643 1149 disruptoque
1666 1086 1788 1149 post
1811 1078 1925 1132 haec

349 1174 577 1228 immani
623 1173 715 1226 illo
764 1172 926 1243 globo
956 1173 1299 1241 processisse
1350 1173 1585 1243 speciem
1628 1169 1921 1242 quamdam

348 1266 587 1321 hominis
616 1265 850 1335 duplicis
875 1266 1080 1332 forma},
1102 1281 1263 1335 quam
1282 1266 1360 1320 illi
1387 1264 1922 1321 masculo-feminam

348 1365 574 1425 vocant;
604 1358 749 1413 hunc
777 1359 942 1413 etiam
969 1359 1267 1414 Phanetam
1299 1358 1409 1429 (20)
1444 1358 1820 1422 nominarunt,
1855 1359 1923 1411 ab

347 1448 683 1518 apparendo,
712 1452 838 1520 quia
867 1465 991 1504 cum
1041 1450 1409 1520 apparuisset,
1466 1452 1740 1520 inquiunt,
1792 1458 1923 1503 tunc

345 1540 511 1595 etiam
568 1541 659 1594 lux
717 1540 941 1597 effulsit.
984 1541 1051 1595 Et
1101 1559 1169 1597 ex
1217 1542 1322 1596 hoc
1353 1542 1543 1597 dicunt
1581 1543 1919 1612 progenitam

347 1647 470 1689 esse
498 1636 886 1703 substantiam,
920 1636 1284 1707 prudentiam,
1318 1645 1549 1701 motum,
1581 1637 1813 1691 coitum:
1855 1650 1921 1690 ex

345 1725 431 1778 bis
462 1723 663 1780 factum
697 1728 896 1781 ccelum
945 1737 998 1782 et
1036 1736 1259 1783 terram.
1322 1727 1397 1782 Ex
1443 1728 1583 1782 coelo
1645 1743 1739 1782 sex
1793 1741 1920 1796 pro-

2028 536 2220 576 omnes
2255 521 2348 591 qui
2379 520 2429 573 ei
2474 528 2836 575 nascerentur
2865 520 3006 576 filios
3044 521 3320 587 devorare,
3342 514 3599 572 instituit.

2029 613 2167 667 lIuic
2202 628 2334 681 ergo
2369 613 2581 683 primus
2616 612 2863 667 nascitur
2900 611 3061 677 filius,
3095 628 3254 683 quem
3299 610 3472 664 Aiden
3502 621 3599 676 ap-

2025 705 2333 775 pellarunt,
2351 703 2445 773 qui
2476 705 2616 773 apud
2640 719 2741 758 nos
2763 701 2938 759 Orcus
2962 706 3292 769 nominatur,
3320 715 3479 771 quem
3505 713 3601 768 pro

2024 800 2212 851 causis
2249 774 2451 865 quibus
2488 811 2656 867 supra
2687 795 2948 861 diximus,
2988 804 3329 864 assumptum
3373 792 3601 847 devorat

2025 895 2199 959 pater.
2228 886 2361 943 Post
2386 887 2534 943 hunc
2557 887 2858 943 secundum
2882 888 3090 957 genuit,
3110 901 3269 955 quem
3288 884 3599 954 Neptunum

2022 979 2236 1042 dicunt,
2283 994 2561 1048 quemque
2603 979 2771 1034 simili
2815 980 2977 1033 modo
3010 978 3310 1032 devoravit.
3354 973 3599 1029 Novissi-

2024 1086 2170 1124 ntum
2203 1071 2387 1140 genuit
2406 1086 2551 1135 eum,
2588 1087 2748 1141 quem
2792 1069 2976 1126 Jovem
3008 1071 3300 1141 appellant,
3332 1068 3424 1123 sed
3455 1068 3600 1122 hunc

2023 1169 2197 1214 mater
2229 1161 2502 1216 miserans
2556 1159 2728 1225 Rhea,
2764 1177 2861 1231 per
2892 1169 3062 1217 artem
3098 1162 3427 1217 devoraturo
3476 1160 3602 1213 sub-

2021 1254 2191 1306 trahit
2224 1254 2384 1323 patri,
2418 1261 2474 1308 et
2501 1254 2677 1324 primo
2726 1253 2953 1324 quidem
2995 1270 3061 1308 ne.
3087 1256 3302 1324 vagitus
3329 1252 3483 1323 pueri
3519 1252 3602 1304 in-

2021 1353 2356 1410 notesceret,
2388 1344 2735 1415 Corybantas
2779 1344 3049 1415 quosdam
3079 1345 3329 1415 cymbala
3378 1345 3507 1398 fecit
3537 1357 3603 1397 ac

2022 1447 2276 1511 tympana
2308 1448 2611 1510 percutere,
2645 1447 2705 1494 ut
2731 1440 3084 1509 obstrepente
3140 1437 3325 1492 sonitu
3385 1437 3600 1508 vagitus

2020 1546 2128 1584 non
2156 1531 2440 1586 audiretur
2466 1531 2715 1587 infantis.

2090 1622 2226 1677 XIX.
2271 1623 2378 1678 Sed
2412 1640 2535 1679 cum
2561 1640 2628 1679 ex
2654 1623 2795 1680 uteri
2826 1624 3210 1678 imminutione
3244 1622 3601 1678 intellexisset

2021 1727 2173 1785 pater
2213 1717 2421 1772 editum
2460 1726 2699 1788 partum,
2745 1716 3029 1786 expetebat
3071 1715 3138 1769 ad
3180 1713 3605 1778 devorandum;

343 1818 557 1887 genitos
580 1833 782 1884 mares,
826 1835 964 1889 quos
996 1828 1049 1877 et
1091 1820 1317 1875 Titanas
1353 1820 1462 1890 (21)
1495 1788 1810 1891 appellant;
1840 1820 1915 1873 si-
1951 1788 1992 1842 Β
2020 1822 2146 1867 tunc
2173 1811 2319 1867 Rhea
2340 1812 2571 1881 lapidem
2595 1812 2645 1867 ei
2673 1810 2909 1866 offerens
2931 1824 3207 1881 magnum,
3230 1808 3386 1862 Hunc
3411 1809 3595 1878 genui,

341 1907 546 1963 militer
575 1916 629 1964 et
659 1910 724 1965 de
754 1917 900 1965 terra
943 1927 1038 1966 sex
1067 1911 1319 1975 feminas,
1345 1926 1483 1980 quas
1507 1910 1789 1965 Titanidas
1814 1926 1914 1964 vo-

341 1997 610 2066 citarunt,
656 2008 710 2055 et
751 2008 882 2055 sunt
924 2001 1150 2055 nomina
1196 2016 1389 2056 eorum
1428 2001 1652 2073 'quidem
1703 2000 1795 2072 qui
1848 2017 1913 2056 ex

339 2089 480 2145 coelo
509 2092 612 2145 orti
638 2092 939 2146 sunthaec:
971 2090 1241 2159 Oceanus,
1272 2091 1460 2158 Cmus,
1502 2095 1684 2158 Crios,
1730 2093 1911 2164 Hype-

338 2184 482 2246 rion,
515 2181 748 2253 Iapetos,
775 2183 1007 2249 Cronos,
1034 2186 1128 2254 qui
1150 2184 1294 2256 apud
1313 2202 1413 2241 nos
1441 2186 1713 2240 Saturnus
1738 2186 1915 2239 nomi-

337 2282 521 2330 natur.
560 2273 825 2330 Similiter
869 2284 923 2330 et
962 2291 1151 2330 earum
1195 2293 1317 2347 quae
1354 2292 1384 2332 e
1423 2286 1570 2332 terra
1614 2284 1749 2331 ortae
1787 2286 1915 2331 sunt

337 2365 561 2419 nomina
595 2374 723 2419 sunt
751 2365 867 2419 haec
900 2385 915 2420 ι
946 2364 1136 2430 Theia,
1171 2368 1341 2429 Rhea.
1378 2367 1622 2436 Themis,
1671 2367 1914 2424 Mnemo-

337 2472 490 2530 syne,
528 2456 726 2527 Tethys
761 2456 891 2528 (22),
933 2456 1081 2513 Hebe
1114 2458 1247 2531 (25).

408 2546 594 2602 XVIII.
625 2545 702 2602 Ex
726 2548 812 2604 his
838 2550 1095 2604 omnibus
1125 2552 1218 2620 qui
1248 2553 1457 2628 primus
1499 2550 1678 2607 fuerat
1702 2566 1732 2606 e
1773 2551 1913 2606 caelo

337 2648 519 2703 natus,
561 2640 792 2710 primam
815 2646 977 2694 terra:
1007 2640 1170 2694 ﬁliam
1202 2643 1409 2712 accepit
1432 2657 1681 2706 uxorem,
1715 2658 1914 2697 secun-

336 2731 439 2786 dus
470 2731 763 2786 secundam
792 2740 845 2787 et
869 2734 1051 2787 caeteri
1083 2733 1335 2788 similiter
1361 2749 1457 2803 per
1487 2733 1762 2789 ordinem.
1790 2732 1913 2787 Pri-

334 2837 458 2876 mus
482 2838 613 2893 ergo
626 2825 717 2892 qui
742 2826 971 2894 primam
992 2825 1249 2889 duxerat,
1271 2834 1490 2895 propter
1506 2841 1624 2878 eam
1646 2826 1912 2880 deductus

334 2921 421 2969 est
450 2912 735 2981 deorsum;
771 2916 1011 2971 secunda
1040 2932 1169 2973 vero
1190 2924 1410 2986 propter
1433 2932 1556 2971 eum
1600 2918 1687 2971 cui
1712 2934 1912 2988 nupse-

335 3012 442 3068 rat,
480 3006 736 3071 ,ascendit
776 3022 1027 3073 sursum;
1076 3015 1132 3061 et
1168 3008 1243 3061 ita
1283 3007 1486 3078 singuli
1533 3024 1629 3078 per
1664 3009 1908 3064 ordinem

336 3096 624 3163 facientes,
672 3104 995 3153 manserunt
1046 3098 1101 3151 in
1133 3098 1218 3153 bis
1250 3099 1343 3169 qui
1382 3099 1462 3153 eis
1493 3099 1723 3169 nuptiali
1759 3106 1909 3155 sorte
1937 3132 1979 3189 ο

335 3189 673 3245 obvenerant
705 3190 860 3247 locis.
895 3190 973 3244 Ex
1002 3191 1230 3245 istorum
1259 3190 1742 3259 conjunctionibus
1773 3193 1909 3247 alios

334 3297 553 3354 quoque
574 3282 893 3336 innumeros
924 3291 1178 3335 asserunt
1199 3282 1538 3349 progenitos.
1569 3280 1675 3335 Sed
1703 3283 1771 3336 de
1799 3283 1908 3337 illis

335 3388 430 3429 sex
460 3373 699 3435 maribus
727 3390 887 3440 unus,
919 3373 1013 3443 qui
1044 3372 1245 3425 dicitur
1271 3370 1565 3434 Saturnus,
1606 3373 1659 3426 iu
1696 3375 1889 3443 conju-

333 3464 482 3534 giu-m
531 3465 743 3534 accepit
780 3462 1008 3526 Rheam,
1062 3467 1115 3517 et
1170 3476 1295 3515 cum
1349 3477 1616 3531 responso
1666 3464 1904 3532 quodam

333 3556 701 3611 commonitus
726 3564 891 3620 esset,
924 3552 1068 3625 quod
1103 3553 1197 3624 qui
1224 3567 1288 3607 ex
1326 3568 1390 3609 ea
1425 3562 1748 3609 nasceretur
1790 3556 1902 3611 for-

2018 1906 2214 1975 inquit.
2247 1905 2315 1959 At
2346 1906 2437 1959 ille
2467 1905 2748 1976 accipiens
2773 1904 3079 1967 absorbuit,
3112 1911 3166 1958 et
3199 1903 3335 1973 lapis
3366 1902 3599 1958 devora-

2015 2005 2105 2054 tus
2134 2014 2229 2053 eos
2250 2012 2387 2067 quos
2413 1997 2589 2067 primo
2620 1996 2975 2051 absorbuerat
2994 1994 3153 2058 filios,
3173 1993 3404 2049 trusitet
3424 1995 3601 2065 coegit
3678 2058 3681 2059 ν

2015 2091 2183 2147 exire.
2215 2087 2433 2143 Primus
2469 2104 2601 2159 ergo
2644 2088 2949 2158 procedens
2978 2086 3264 2141 descendit
3300 2083 3496 2148 Orcus,
3546 2094 3601 2140 et

2014 2182 2296 2245 inferiora,
2344 2181 2449 2235 hoc
2482 2188 2565 2235 est
2598 2180 2810 2237 inferna
2834 2187 3075 2249 occupat
3128 2179 3268 2233 loca.
3312 2177 3599 2232 Secundus

2016 2283 2203 2346 utpote
2236 2275 2328 2328 illo
2346 2275 2598 2344 superior
2613 2290 2780 2344 super
2803 2288 2974 2344 aquas
2999 2272 3332 2335 detruditur,
3366 2272 3412 2326 is
3436 2285 3598 2340 quem

2013 2366 2322 2438 Neptunum
2347 2374 2564 2421 vocant.
2604 2365 2825 2421 Tertius
2877 2365 2971 2436 qui
3022 2370 3138 2418 arte
3187 2361 3376 2417 matris
3433 2361 3599 2415 Rhea:

2014 2458 2307 2529 superfuit,
2360 2458 2429 2513 ab
2478 2458 2598 2531 ipsa
2654 2471 2832 2527 caprae
2884 2454 3265 2525 superpositus
3312 2453 3367 2506 in
3397 2453 3595 2507 ctelum

2013 2552 2251 2608 emissus
2286 2559 2387 2621 est.

2084 2640 2199 2693 XX.
2233 2640 2509 2697 Hactenus
2531 2641 2692 2697 anilis
2721 2640 3005 2714 gentilium
3036 2638 3219 2693 fabula
3254 2647 3308 2693 et
3340 2638 3594 2709 genealo-

2013 2736 2099 2807 gia
2132 2735 2493 2805 processerit;
2520 2718 2639 2790 sine
2664 2733 2768 2789 line
2807 2734 2951 2789 enim
2982 2741 3087 2796 est,
3120 2734 3165 2785 si
3190 2732 3351 2786 velim
3393 2746 3585 2786 omnes

2013 2827 2394 2897 generationes
2435 2842 2625 2882 eorum
2656 2841 2795 2897 quos
2836 2826 2967 2881 deos
3002 2824 3307 2898 appellant,
3338 2831 3392 2879 et
3423 2824 3592 2894 impia

2013 2924 2164 2987 gesta
2195 2916 2457 2987 proferre.
2486 2917 2591 2972 Sed
2619 2916 2852 2986 exempli
2882 2916 3077 2986 gratia,
3113 2916 3335 2971 omissis
3357 2917 3590 2981 caneris,

2015 3009 2178 3064 unius
2202 3025 2361 3076 quem
2393 3010 2691 3063 maximum
2709 3017 2762 3065 et
2786 3009 3118 3078 prmeipuum
3148 3007 3371 3071 habent,
3401 3024 3592 3078 quem-
3666 3024 3675 3055 ς

2014 3114 2118 3169 que
2151 3097 2339 3154 Jovem
2395 3099 2699 3162 nominant,
2757 3098 3025 3169 ﬂagitiosa
3078 3106 3227 3168 gesta
3290 3098 3585 3168 replicabo.

2014 3191 2171 3247 Hunc
2210 3194 2353 3247 enim
2399 3193 2597 3247 ctelum
2650 3192 2840 3246 dicunt
2865 3199 3053 3246 tenere
3084 3199 3343 3260 tanquam
3373 3190 3588 3245 caeteris

2008 3285 2311 3351 meliorem,
2362 3284 2457 3355 qui
2501 3285 2683 3338 statim
2732 3290 2791 3337 ut
2845 3282 3098 3347 adolevit,
3155 3297 3399 3338 sororem
3458 3298 3587 3351 pro-

2003 3377 2211 3445 priam,
2270 3392 2434 3447 quam
2490 3375 2760 3431 Junonem
2818 3373 3042 3441 dicunt,
3105 3376 3261 3430 duxit
3313 3390 3575 3442 uxorem,

2000 3466 2056 3521 in
2119 3484 2228 3537 quo
2286 3469 2475 3539 utique
2537 3469 2723 3523 statim
2776 3467 2837 3522 fit
2899 3468 3093 3525 similis
3163 3468 3378 3539 pecudi.
3441 3468 3585 3524 Juno

2002 3558 2306 3616 Vulcanum
2361 3561 2527 3632 parit.
2594 3561 2731 3619 sed.
2763 3569 2825 3615 ut
2877 3560 3131 3627 tradunt,
3187 3578 3297 3617 non
3330 3578 3395 3617 ex
3452 3560 3585 3618 Jove

1628 3692 1995 3751 COTELERII
2027 3697 2256 3753 NOTAE.

407 3838 518 3906 (20)
549 3838 858 3921 Phanetam.
882 3839 1096 3894 Phanes
1123 3840 1363 3963 ὠογενῄς
1400 3838 1614 3909 Orpheo
1646 3839 1697 3892 in
1734 3838 1901 3907 Hym-

407 3924 443 3963 ι.
478 3911 541 3961 ὲκ
572 3926 666 3962 του
695 3910 801 3963 ὼου
847 3908 1137 3963 ποογυθείς
1175 3911 1293 3963 Anu
1364 3909 1762 3963 Athenagoram
1795 3907 1896 3960 Le-

337 3908 443 3980 nis,
478 3911 541 3961 ὲκ
572 3910 666 3962 τοῦ
695 3909 801 3980 ὼᾼοῦ
847 3908 1137 3980 προχυθείς
1175 3907 1331 3979 Apud
1364 3907 1762 3980 Athenagoram
1788 3907 1896 3980 Le-

334 3979 541 4062 gatione
562 3996 664 4062 pro
689 3978 1065 4062 pareamus,-
1098 3978 1239 4062 qu'ia’
1273 3979 1738 4062 in'asculo‘femina,
1771 3979 1905 4062 ideo

336 4047 656 4119 (opinorfin
686 4049 936 4119 Orphicis
961 4047 1294 4105 carminibus
1320 4048 1906 4119 inducebatur_habens

334 4117 531 4192 al§o§sv
566 4117 915 4192 ὀπζοῳξπξρὶ
959 4120 1057 4192 τὴν
1091 4122 1471 4192 πυγήνηιεεῑθ
1516 4117 1906 4192 Ελιὶειᾷὒνθῑθηδί

334 4190 402 4241 ad
437 4186 679 4256 Gregorii
713 4186 1042 4243 Nazianzeui
1066 4186 1203 4244 orat.
1227 4186 1276 4246 ’5
1311 4190 1422 4256 (ubi
1463 4189 1602 4243 male
1630 4190 1815 4254 legunt
1843 4203 1907 4241 ac

333 4256 757 4330 interpretantur
799 4260 1013 4330 πηγήν)
1062 4270 1116 4313 et
1162 4261 1263 4330 57;
1311 4256 1504 4314 Nonno
1548 4260 1614 4313 ad
1660 4259 1906 4313 eamdem

333 4276 757 4326 interpretantur
799 4276 1013 4382 πιὲγην)
1062 4276 1116 4313 et
1162 4276 1263 4325 ot;
1311 4276 1504 4314 LVODIIO
1548 4276 1614 4313 aa
1660 4276 1906 4313 eamdem

333 4328 633 4381 orationem
667 4329 721 4393 3,
756 4338 809 4383 et
898 4331 1020 4383 uida
1065 4330 1116 4383 in
1157 4329 1374 4384 Lexico.
1412 4330 1549 4383 Cum
1582 4336 1763 4383 autem
1809 4342 1910 4381 no-

333 4411 456 4468 men
508 4398 684 4465 Φάνης
717 4399 1015 4452 deducatur
1063 4414 1092 4451 a
1136 4402 1297 4452 verbo
1346 4399 1576 4468 φαίνειν,
1619 4400 1830 4452 diversa
1876 4412 1908 4451 a

332 4465 565 4538 diversis
608 4469 946 4538 etymologia:
990 4469 1128 4522 ratio
1169 4465 1409 4524 affertur.
1453 4468 1700 4538 Orpheus
1753 4469 1908 4521 initio

327 4533 806 4656 fargémauticorum
830 4533 1089 4609 ε’πρῶτος
1114 4539 1221 4610 γὰρ
1249 4539 1474 4610 ἐφάνθη.
1503 4533 1713 4608 Hymno
1747 4539 1906 4607 Πρω-

393 4622 424 4656 γ
456 4622 580 4656 νουε

326 4618 544 4667 τογονου
567 4626 580 4660 :

327 4688 593 4759 Δαμπρὸν
608 4690 754 4758 ἄγων
768 4687 903 4757 φάος
923 4688 1103 4757 ἁγνὸν,
1117 4689 1209 4756 ἀφ’
1220 4682 1280 4744 οὗ
1298 4706 1356 4742 σε
1374 4691 1588 4761 Φάνητα
1604 4692 1900 4765 κικλήσκω.

252 4808 261 4815 ~
325 4777 751 4850 IniClementinis
784 4794 801 4850 ς
837 4782 957 4834 Ὅτι
990 4780 1152 4833 αὐτοῦ
1184 4782 1460 4850 φανέντος,
1492 4784 1553 4837 τὸ
1585 4787 1691 4838 πᾶν
1720 4785 1780 4850 ἐξ
1806 4787 1906 4838 αὐ-

325 4849 422 4921 τοῦ
458 4850 716 4920 ἔλαμψεν.
782 4849 1100 4906 Lactantius
1150 4849 1242 4906 lib.
1277 4868 1313 4916 ι,
1360 4868 1410 4907 c.
1445 4854 1477 4908 5
1512 4873 1523 4908 :
1560 4854 1732 4921 Quod,
1766 4849 1903 4910 cum

328 4920 500 4994 adhuc
529 4921 847 4994 nihil_essét,
890 4923 1091 4994 primus
1136 4937 1200 4975 ea:
1248 4924 1458 4993 inﬁnito
1502 4928 1804 4994 apparuerit
1854 4937 1904 4981 et

326 4992 589 5064 exstiterit
609 4989 967 5064 ;_Proelusin
994 4992 1248 5064 Tintwum
1278 4989 1316 5046 :'
1343 4995 1429 5057 Ὠς
1446 4989 1768 5064 ἐκφαίνοντα
1803 4998 1904 5061 τὰς

325 5062 521 5134 vom};
560 5062 772 5134 graﬁag.
822 5062 1131 5117 Macrobius
1159 5062 1394 5134 denique
1430 5066 1503 5119 lib
1526 5062 1550 5118 Vl
1584 5065 1860 5122 Saturnal.
1885 5108 1900 5133 ,

325 5147 377 5186 c.
408 5132 475 5185 I7
504 5150 517 5184 :
550 5130 789 5203 Phaneta
839 5134 1100 5202 appellant
1151 5134 1258 5187 ἀπὸ
1306 5130 1401 5187 ἑοῦ
1448 5136 1680 5203 φαίνειν,
1714 5148 1762 5190 et
1796 5130 1904 5194 Φαὲ

326 5206 490 5281 ναίον,
532 5202 741 5281 ἐπειδὴ.
767 5204 1011 5281 φαίνεται
1049 5205 1186 5281 νεὲ-ος,
1225 5214 1358 5281 et_c_.
1390 5202 1495 5281 I87:
1524 5205 1771 5281 Phariam
1798 5210 1905 5264 ἀπὸ

323 5273 418 5352 τοῦ
451 5273 627 5341 φωτὸς
660 5273 754 5326 καὶ
780 5274 1035 5344 φανεροῦ.
1072 5273 1196 5330 Haec
1231 5276 1299 5331 ad
1331 5276 1492 5333 istius
1524 5278 1628 5332 loci
1668 5279 1905 5335 illustra-

325 5352 552 5397 tionem.

398 5413 510 5493 (2t)
555 5412 1128 5493 Titanas._Titanidas.
1182 5416 1670 5493 Animadversione
1703 5420 1904 5493 dignus

325 5490 409 5561 est
453 5483 607 5561 lecus
641 5483 961 5561 Tertulliani
1010 5485 1101 5539 lib.
1141 5503 1195 5561 _n
1235 5487 1304 5542 ad
1334 5487 1610 5561 Nationes,
1673 5483 1792 5561 cap:
1822 5493 1899 5548 2;

325 5552 499 5629 @que
530 5555 839 5629 _Actes_itaus
884 5556 1081 5629 trinam
1129 5552 1685 5629 forniant_divinitatis
1733 5552 1899 5629 ducit,

328 5624 622 5694 Olympios,
677 5626 857 5688 Astra,
907 5624 1150 5679 Titaneos
1171 5668 1185 5689 ,
1239 5628 1301 5681 de
1348 5627 1488 5683 Caelo
1517 5641 1564 5684 et
1596 5631 1761 5686 Terra
1791 5649 1808 5686 :
1840 5624 1904 5687 ea:

325 5694 429 5757 his,
464 5695 696 5751 Saturno
720 5706 769 5750 et
800 5696 927 5766 0pc,
958 5694 1278 5766 Neptunum,
1309 5697 1511 5763 Jovem,
1536 5712 1589 5755 et
1614 5702 1830 5766 Orcum,
1850 5712 1902 5760 et

325 5773 571 5820 crateram
599 5765 1000 5823 successiOnem.
1038 5765 1358 5824 Xenocrates
1390 5770 1734 5829 Academicus
1761 5773 1899 5844 bifa-

2012 3837 2149 3906 riam
2170 3836 2322 3906 facit,
2344 3836 2616 3906 Olympios
2634 3845 2681 3889 et
2703 3835 2962 3898 Titamos,
2982 3838 3070 3905 qui
3088 3835 3150 3890 de
3167 3833 3307 3890 Caua
3324 3846 3373 3890 et
3400 3836 3583 3892 Terra.

2012 3904 2224 3961 Etenim
2256 3904 2624 3963 Gothofredus
2650 3906 2841 3969 edidit,
2868 3904 3187 3966 ActeSilaus,
3217 3908 3455 3961 correxit
3487 3923 3585 3962 au-

2012 3985 2119 4048 tem
2168 3978 2232 4048 in
2262 3978 2428 4041 notis,
2473 3977 2775 4030 Arcesilam:
2802 3993 2818 4028 :
2850 3977 3093 4048 adeoque
3135 3977 3440 4033 emendatio
3469 3981 3586 4048 pla-

2012 4047 2126 4100 cuit
2173 4046 2429 4120 Rigaltio,
2482 4054 2541 4100 ut
2595 4061 2713 4120 eam
2754 4049 2809 4100 in
2854 4056 3057 4120 textum
3084 4046 3585 4120 insereretzpravo

2013 4131 2145 4171 sane
2196 4115 2444 4181 exemplo
2476 4136 2488 4171 :
2520 4131 2645 4170 cum
2697 4117 2853 4181 longe
2898 4115 3248 4169 verisimilior
3287 4115 3445 4171 lectio
3489 4120 3581 4181 sit,

2003 4183 2307 4252 Acusilaus.
2339 4183 2546 4252 Colligo
2579 4184 2631 4238 id
2662 4198 2731 4239 ex
2764 4183 3119 4252 Etymologici
3151 4185 3327 4250 magni
3357 4184 3579 4242 verbis:

2000 4251 2162 4339 Κοῖος
2190 4253 2218 4305 'o
2250 4251 2682 4339 'narﬁJo.Aq~.-oﬁg
2729 4251 2877 4338 stupet
2916 4255 2975 4337 το
3016 4251 3159 4339 κοξξν
3180 4293 3193 4315 ,
3228 4252 3256 4339 ἦ
3298 4252 3582 4339 ἐλατιχγοείν

2004 4322 2096 4373 καὶ
2119 4322 2374 4376 συνιέναι·
2396 4321 2423 4376 ὅ
2442 4321 2557 4376 ἐστι
2579 4321 2820 4387 συνετός.
2841 4324 3001 4375 Κοῖόν
3017 4340 3075 4375 τε
3094 4323 3291 4431 Κῖεῖόν
3313 4321 3359 4373 θ’
3392 4322 3581 4431 Ὑπεῖ-

2004 4390 2111 4431 inuri
2138 4391 2186 4431 τ’
2223 4393 2459 4431 ’Ῐηιτ-ς-ρᾶυ
2485 4410 2542 4431 ηις
2597 4395 2656 4431 m
2714 4395 2913 4431 ΔτοἋεῗκ-
2940 4392 3017 4431 ι-ιτι
3062 4410 3093 4431 ν
3178 4393 3253 4431 ψτῆ
3289 4391 3381 4431 τι)ῗῖ
3415 4405 3454 4431 er
3486 4409 3518 4431 ν
3552 4422 3579 4431 -

2002 4390 2115 4444 ίονά.
2138 4391 2186 4443 τ’
2223 4393 2459 4457 Ἰαπετόν
2485 4410 2565 4447 τε.
2597 4395 2659 4452 Οἱ
2707 4395 2913 4457 Αἰολεῖς
2940 4392 3017 4457 τῷ
3060 4410 3094 4445 κ
3138 4390 3259 4445 ἀντὶ
3289 4391 3381 4444 τοῦ
3410 4405 3454 4449 π
3486 4390 3579 4444 κέ-

1940 4440 1984 4494 Ῑ)
1996 4477 2244 4551 χιρηντανιλ.
2266 4456 2424 4551 Οὗτοι
2528 4463 2863 4551 Τιτῆνεξλκῇὶ
2885 4440 3160 4550 ﬁrmandae;
3183 4461 3487 4551 ξαλοῢνξειι,
3502 4462 3581 4547 δὺς

2013 4531 2360 4604 ᾼκουσίλαος.
2380 4532 2698 4604 Ἀλληγορία
2710 4534 2789 4594 δὲ,
2806 4536 2966 4604 Κοῖον
2984 4534 3080 4603 τὴν
3100 4532 3580 4604 ποιότηταΚρεί-ον

1992 4599 2049 4675 ῥὲ
2079 4601 2177 4675 τῂν
2207 4601 2428 4675 χρέο-ιν,
2450 4599 2742 4675 Ὑᾱτὲρίονα
2775 4599 3225 4675 κουφότηταςτὺν
3244 4599 3298 4655 δὲ
3335 4599 3572 4675 Ἰαπετὸν

1997 4668 2290 4741 sagulum.
2309 4672 2548 4744 Ἡσίοδος
2574 4668 2631 4725 ἔν
2649 4668 2947 4744 Θεοῃονίζῑ.
2973 4668 3193 4744 Tradita
3216 4673 3410 4744 haecah
3431 4672 3574 4744 A_c_u—

2006 4737 2143 4800 silao
2174 4737 2228 4797 i'n
2260 4742 2459 4798 celebri
2484 4737 2808 4811 opere_I_It-:pt
2834 4737 3209 4811 γενεαλογιῷν.
3244 4738 3400 4811 ίνὶιιρι,
3433 4740 3477 4793 si
3501 4740 3584 4811 lu-

2007 4814 2118 4877 bet,
2144 4806 2624 4883 diligentissim'um
2656 4806 2911 4883 Nossium
2945 4809 3337 4883 De_histori_cis_
3361 4806 3579 4883 (irwcis.

2076 4884 2189 4955 (22)
2232 4876 2450 4955 Tethys.
2488 4882 2567 4936 Ita
2619 4880 2988 4955 scribendum.
3017 4879 3201 4934 Graace
3234 4878 3434 4955 Τηθύς.
3473 4876 3580 4955 Sed

2010 4948 2320 5026 frequenter
2437 4953 2539 5026 hoc
2560 4953 2811 5026 nomine
2841 4948 3333 5026 labuntunoperae.
3377 4948 3483 5026 Sic
3505 4949 3580 5026 'iu

2007 5009 2310 5096 Theophilo
2358 5023 2700 5096 Αηιίοριιεηο
2756 5021 2852 5075 lib.
2912 5035 2982 5085 ιι,
3038 5009 3580 5096 ςςὶξςξὸιχυῐιιΑΤηθήν,

2005 5088 2204 5169 Θηθύν,
2231 5095 2472 5165 Tltetym.
2509 5093 2727 5150 Ttetzes
2755 5098 2997 5146 extrema
3027 5090 3292 5154 Chiliade,
3323 5088 3355 5144 6
3382 5106 3394 5139 :

2077 5190 2171 5241 ’ﬂv
2207 5187 2447 5259 Ἀχιλεὺς
2466 5188 2565 5258 τῆς
2586 5185 2801 5259 Θέτιδος
2824 5188 2923 5259 κα).
2938 5182 3033 5259 ⁸ςοῦ
3057 5182 3277 5253 Πηλέως
3299 5182 3476 5259 γᾴνος,

2104 5260 2177 5313 Οὐ
2200 5253 2301 5330 τῆξ
2323 5253 2591 5328 Θαλάττης
2614 5256 2851 5319 Θέτιδος,
2878 5254 3012 5309 ἀλλά
3030 5270 3170 5316 τινος
3193 5253 3434 5321 γυναίου.

2006 5351 2152 5405 Mare
2178 5367 2291 5405 non
2319 5357 2404 5404 est
2432 5348 2655 5411 Thetis,
2689 5349 2783 5403 sed
2807 5345 3031 5416 Tethys.
3064 5342 3295 5414 Scripsit
3314 5358 3466 5416 ergo,
3493 5354 3586 5396 aut

2005 5422 2246 5478 scribere
2275 5421 2481 5484 debuit,
2515 5420 2783 5489 Θαλάττης
2806 5417 3034 5489 Τηθύος.

2077 5492 2187 5563 (25)
2231 5490 2393 5563 Ηςρε.
2428 5483 3045 5563 Legendum'videretur
3080 5486 3236 5563 mihi,
3267 5483 3478 5563 Phoebe,
3512 5499 3579 5538 ex

2005 5555 2243 5632 Orpheo,
2296 5555 2554 5625 Hesiodo,
2597 5560 2834 5615 Diodoro
2882 5557 3066 5632 Siculo
3111 5555 3579 5632 et_Apollodoro;

2005 5626 2112 5688 nisi
2142 5635 2341 5688 scirem
2370 5634 2594 5688 deorum
2627 5633 2682 5686 in
2712 5629 3045 5703 genealogiis
3090 5628 3224 5703 nihil
3255 5642 3376 5683 esse
3412 5626 3579 5703 fixum

2006 5719 2071 5758 ac
2116 5704 2328 5761 stabile.
2366 5703 2635 5770 Quocirca
2676 5697 2738 5757 iii
2782 5697 3140 5758 Cleméntinis
3188 5698 3367 5754 locum
3415 5697 3581 5769 hujus

2007 5774 2219 5831 feminae
2252 5780 2484 5845 occupat
2504 5774 2693 5831 Ceres.
3220 5808 3223 5811 -
