4036 6252
487 313 630 368 “55

1341 308 1397 363 s.
1436 305 1831 363 CLEMENTIS
1864 306 1885 360 1
1919 305 2091 362 non.
2125 303 2325 361 PONT.
2362 274 2589 359 operm
2621 298 2838 356 uuam.

3597 296 3733 351 “36

496 445 621 484 nem
664 426 802 499 (55),
827 420 1140 497 multosque
1169 425 1306 481 alios
1336 440 1433 495 per
1460 424 1673 481 diversa
1706 426 1828 480 loca
1870 422 2070 494 singuli
2102 428 2145 485 Α
2177 422 2393 493 placare
2415 421 2604 483 velint,
2635 434 2735 491 pro
2768 417 2975 472 honore
3012 411 3258 470 omnium
3290 409 3567 468 abstinere
3594 429 3650 468 se
3674 417 3735 470 ab

488 532 550 578 ut
580 521 711 578 deos
745 520 935 576 colunt
965 529 1018 575 et
1059 520 1310 583 adorant,
1346 534 1485 588 quos
1516 519 1766 573 homines
1809 523 2059 572 mortuos

483 617 656 672 fuisse
710 630 820 669 non
868 613 1141 669 dubitant.
1194 610 1347 666 Unde
1400 626 1748 681 consequens
1780 616 1865 665 est
1894 609 2059 664 etiam

481 707 696 777 priores
728 705 896 760 simili
951 719 1138 758 errore
1187 704 1495 773 prolapsos,
1550 703 1782 758 mortuis
1822 700 2062 756 homini-

480 800 607 862 bus,
641 799 733 868 qui
761 796 899 851 forte
928 795 1186 865 potentia:
1210 795 1413 864 aliquid
1440 795 1527 848 vel
1557 796 1692 848 artis
1729 794 2056 858 habuerant,

480 892 823 960 maximeque
852 889 896 943 si
931 888 1234 958 phantasiis
1252 887 1478 957 magicis
1514 889 1570 941 in
1602 894 1879 958 stuporem
1898 888 2055 943 stoli-

477 983 578 1038 dos
614 983 863 1036 homines
892 980 1271 1044 adduxerant,
1314 979 1579 1033 honorem
1631 980 1930 1035 contulisse
1971 979 2057 1035 di-

474 1072 683 1127 vinum.

547 1159 734 1215 XXVI.
767 1159 887 1214 Jam
911 1160 1037 1215 hinc
1065 1160 1310 1215 additum
1339 1170 1442 1227 est,
1476 1172 1535 1217 ut
1560 1170 1615 1218 et
1646 1170 1817 1232 poetae
1838 1163 2057 1233 elegan-

475 1256 550 1307 tia
574 1253 859 1307 verborum
890 1262 1195 1306 commenta
1221 1255 1427 1309 erroris
1457 1263 1739 1318 ornarent,
1767 1263 1821 1309 et
1870 1255 2055 1310 suavi-

474 1356 587 1402 tate
611 1346 826 1401 dicendi
862 1346 1197 1401 immortales
1224 1346 1447 1402 eﬂ‘ectos
1470 1362 1591 1402 esse
1620 1363 1683 1401 ex
1726 1349 2052 1403 mortalibus

475 1440 897 1511 persuaderent;
944 1440 1054 1495 imo
1085 1448 1139 1495 et
1172 1442 1407 1511 amplius
1437 1441 1666 1511 aliquid,
1701 1455 1767 1494 ex
1815 1441 2054 1494 homini-

476 1533 580 1586 bus
612 1532 763 1585 aiunt
796 1531 983 1587 stellas
1020 1532 1168 1595 ﬂeri,
1205 1538 1259 1586 et
1292 1533 1537 1598 arbores,
1579 1538 1633 1587 et
1676 1533 1961 1595 animalia,
1999 1539 2053 1586 et

475 1623 656 1687 ﬂores.
688 1633 741 1680 et
772 1641 900 1679 aves
931 1624 1220 1695 fontesque
1243 1641 1306 1679 ac
1332 1624 1548 1687 ﬂuvios,
1579 1634 1629 1681 et
1657 1627 1714 1679 ni
1740 1625 2051 1681 verbositas

472 1714 769 1778 videretur,
801 1731 991 1770 omnes
1023 1731 1160 1784 pene
1200 1717 1386 1771 stellas
1408 1757 1421 1780 ,
1465 1733 1609 1786 quas.
1635 1732 1701 1771 ex
1738 1716 2050 1773 hominibus

2167 514 2423 569 omnibus
2454 508 2763 583 oportebat,
2797 516 2857 564 ut
2907 515 3031 563 ante
3080 507 3227 562 diem
3274 504 3465 577 judicii
3509 505 3659 575 justa
3711 522 3737 561 a

2167 606 2479 675 semetipsis
2525 603 2798 659 sententia
2832 600 3201 667 condemnati,
3238 604 3415 652 morte
3438 597 3738 653 miserrima

2168 714 2266 769 per
2292 698 2527 751 inediam
2558 696 2890 765 deperirent.

2244 788 2482 843 XXVIII.
2514 786 2714 842 Verum
2750 786 2815 841 ad
2857 785 3193 857 prOpositum
3225 790 3584 838 revertamur.
3618 780 3754 847 Qum.

2162 883 2404 937 malum!
2461 882 2601 935 ratio
2656 890 2757 947 est,
2800 881 2909 934 imo
2962 894 3084 949 qua:
3145 876 3380 931 amentia
3432 874 3733 929 mortalium

2159 975 2405 1045 possidet
2452 980 2683 1040 mentes,
2714 982 2775 1027 ut
2826 972 3104 1027 hominem
3136 985 3297 1040 quem
3343 968 3590 1037 impium,
3627 982 3735 1024 see»

2160 1067 2381 1131 lestum,
2427 1064 2743 1136 profanum,
2787 1064 2975 1120 Jovem
3012 1062 3155 1127 dico,
3183 1062 3472 1125 incestum,
3515 1061 3735 1130 parrici-

2158 1159 2305 1223 dam,
2338 1158 2648 1213 adulterum
2681 1172 2790 1212 non
2827 1158 3006 1214 solum
3048 1156 3230 1213 sciunt
3259 1169 3402 1218 esse,
3437 1152 3531 1208 sed
3560 1163 3609 1207 et
3644 1168 3736 1223 pu-

2158 1250 2299 1306 blice
2333 1251 2388 1304 in
2441 1250 2674 1306 theatris
2708 1256 2957 1313 cantant,
2990 1250 3136 1303 hunc
3171 1257 3231 1301 ut
3267 1245 3427 1300 deum
3471 1245 3649 1299 colant
3682 1252 3731 1299 et

2157 1343 2422 1397 adorent?
2462 1344 2571 1396 Aut
2602 1344 2649 1398 si
2700 1357 2798 1412 pro
2846 1342 2943 1399 his
2986 1341 3154 1411 gestis
3198 1339 3333 1394 deus
3360 1351 3482 1393 esse
3520 1333 3728 1398 meruit,

2155 1451 2288 1506 ergo
2320 1444 2374 1492 et
2402 1438 2453 1493 si
2488 1450 2627 1506 quos
2667 1435 2899 1490 audiunt
2929 1434 3255 1495 homicidas,
3281 1430 3580 1489 adulteros,
3618 1443 3731 1497 par-

2157 1528 2379 1591 ricidas,
2400 1528 2640 1583 incestos
2662 1516 2826 1582 etiam
2854 1541 3001 1581 nunc
3024 1525 3220 1581 debent
3243 1531 3301 1578 ut
3329 1524 3460 1578 deos
3487 1522 3729 1578 adorare.

2157 1618 2265 1673 Sed
2321 1620 2465 1690 quod
2511 1620 2568 1673 in
2612 1618 2735 1673 aliis
2785 1624 3163 1681 exsecrantur,
3197 1616 3339 1671 scire
3369 1614 3593 1669 omnino
3632 1627 3730 1666 non

2153 1725 2378 1780 possum
2407 1727 2508 1767 cur
2536 1711 2591 1765 in
2623 1710 2719 1765 illo
2744 1721 3090 1766 venerentur.
3115 1708 3178 1763 Et
3196 1707 3389 1763 Petrus
3420 1705 3731 1777 respondit:

471 1804 691 1860 eﬂ‘ectas
709 1815 962 1861 asserunt
995 1809 1660 1863 enumerarevelarbores
1677 1807 1953 1863 velfontes
1988 1823 2051 1862 ac
2082 1817 2124 1872 Β
2155 1803 2423 1870 Quoniam
2477 1812 2527 1858 te
2567 1802 2781 1858 nescire
2828 1801 2990 1865 dicis,
3042 1800 3191 1855 disce
3232 1815 3260 1853 a
3301 1814 3387 1854 me
3414 1813 3515 1852 cur
3560 1797 3621 1852 in
3649 1797 3733 1853 illo

470 1894 664 1952 ﬂuvios
682 1912 897 1967 possem
923 1914 937 1964 ;
976 1898 1206 1966 exempli
1231 1908 1409 1952 tamen
1434 1914 1598 1954 causa
1619 1900 1832 1969 singula
1861 1899 2050 1955 saltem

467 2003 532 2042 ex
549 1989 780 2058 singulis
796 1989 1749 2062 memorabo.Andromedamltlephei
1768 1993 1820 2045 in
1840 1993 2049 2046 stellam

469 2078 660 2133 dicunt
694 2095 817 2134 esse
861 2094 1202 2143 conversam,
1243 2080 1503 2150 Daphnen
1549 2081 1787 2137 Ladonis
1811 2084 1956 2137 ﬂuvii
1990 2085 2051 2137 ﬂ-

471 2168 599 2222 liam
631 2168 687 2222 in
715 2169 964 2223 arborem
996 2179 1381 2224 commutatam
1402 2214 1415 2236 ,
1454 2170 1817 2242 Hyacinthum
1849 2172 2053 2243 Apolli-

470 2256 557 2311 nis
589 2255 845 2310 dilectum
875 2259 927 2311 in
959 2258 1167 2323 ﬂorem,
1203 2259 1431 2314 Callisto
1466 2261 1520 2314 in
1547 2262 1700 2317 sidus
1734 2263 1880 2332 quod
1913 2266 2051 2319 Arc-

470 2355 564 2401 ton
585 2362 803 2411 vocant,
828 2348 1079 2420 Prognen
1111 2357 1164 2404 et
1195 2349 1552 2406 Philomelam
1577 2369 1703 2407 cum
1739 2353 1913 2409 Tereo
1938 2356 2048 2429 (54)

469 2439 523 2494 in
561 2456 707 2507 aves,
755 2440 1003 2512 Thysben
1035 2440 1177 2512 apud
1200 2441 1447 2497 Ciliciam
1480 2445 1535 2497 in
1564 2446 1787 2510 fontem,
1812 2454 1863 2501 et
1889 2445 2046 2518 Pyra-

470 2547 619 2587 mum
650 2534 781 2588 inibi
807 2535 858 2588 in
889 2533 1110 2588 ﬂuvium
1136 2537 1438 2599 resolutos,
1465 2552 1767 2607 omnesque
1801 2555 1960 2609 pene,
1992 2548 2049 2595 ut

473 2622 611 2690 dixi,
649 2627 732 2681 vel
766 2629 976 2691 stellas,
1020 2629 1103 2683 vel
1133 2628 1378 2694 arbores,
1419 2630 1706 2702 fontesque
1739 2648 1803 2687 ac
1830 2632 2045 2699 ﬂuvios,

468 2715 739 2789 ﬂoresque
770 2728 822 2774 et
854 2721 1131 2786 animalia,
1164 2722 1249 2775 vel
1281 2737 1427 2788 aves,
1469 2725 1766 2798 aliquando
1794 2726 2045 2785 homines

469 2807 645 2864 fuisse
676 2810 1025 2865 conﬁrmant.

539 2900 750 2958 XXVII.
785 2903 852 2958 At
874 2902 1069 2959 Petrus
1100 2905 1214 2960 hmo
1247 2907 1476 2964 audiens
1508 2909 1619 2963 ait:
1654 2908 1797 2979 Ergo
1849 2924 2046 2965 secun-

469 2995 597 3050 dum
625 2996 793 3064 ipsos,
811 3004 1099 3067 antequam
1118 2998 1365 3054 homines
1383 3008 1723 3055 mutarentur
1747 3002 1801 3055 in
1834 3002 2042 3065 stellas,

466 3087 552 3142 vel
590 3095 783 3143 caetera
813 3104 933 3158 quse
957 3106 1268 3158 enumeras,
1294 3099 1346 3147 et
1364 3093 1562 3146 cmlum
1603 3093 1720 3147 sine
1735 3094 1910 3147 stellis
1931 3102 2045 3147 erat

466 3186 521 3233 et
559 3185 701 3233 terra
733 3180 853 3234 sine
885 3181 1175 3238 arboribus
1212 3190 1266 3237 et
1288 3183 1651 3245 'animalibus,
1704 3198 1805 3238 nec
1838 3182 2038 3249 fontes,

469 3286 571 3324 nec
605 3269 847 3338 ﬂumina,
881 3288 983 3326 nec
1020 3288 1149 3329 aves
1195 3284 1377 3336 erant;
1412 3281 1465 3329 et
1494 3273 1770 3344 quomodo
1803 3275 1906 3344 ipsi
1939 3275 2039 3329 ho-

468 3364 643 3417 mines
667 3363 922 3417 vixerunt
952 3364 1070 3420 sine
1092 3366 1196 3430 his,
1232 3365 1323 3436 qui
1348 3366 1403 3420 in
1420 3367 1533 3421 haec
1551 3366 1894 3436 postmodum
1924 3382 2047 3421 mu-

466 3453 565 3506 tati
581 3462 729 3521 sunt,
762 3470 884 3509 cum
922 3464 1135 3513 constet
1170 3474 1271 3513 nec
1294 3459 1537 3528 potuisse
1562 3475 1787 3529 prorsus
1820 3460 1937 3514 sine
1962 3459 2046 3514 his

466 3546 634 3599 vitam
652 3545 852 3601 ducere
874 3546 1125 3605 homines
1156 3550 1208 3604 in
1230 3550 1421 3606 terris?
1437 3550 1498 3605 Et
1521 3566 1621 3622 ego
1638 3551 1914 3622 respondi:
1938 3550 2045 3606 Sed

468 3650 536 3691 ne
563 3636 742 3705 ipsum
775 3638 997 3707 quidem
1019 3641 1227 3694 cultum
1250 3642 1475 3697 deorum
1499 3658 1722 3697 suorum
1753 3643 2047 3698 observare

466 3737 867 3799 consequenter
888 3740 1090 3785 norunt
1106 3750 1120 3798 ;
1135 3735 1514 3804 unusquisque
1529 3734 1673 3789 enim
1691 3749 1879 3788 eorum
1905 3750 2044 3803 quos

467 3821 675 3886 colunt,
705 3822 865 3877 habet
895 3823 1097 3892 aliquid
1148 3825 1249 3881 sibi
1281 3826 1545 3890 dicatum,
1572 3840 1602 3878 a
1628 3840 1738 3895 quo
1766 3823 1963 3880 debent
1986 3841 2045 3882 se

467 3914 753 3971 continere
809 3918 1073 3984 cultores,
1119 3926 1309 3988 utpote
1352 3918 1607 3975 Minervae
1661 3919 1882 3981 olivam,
1923 3917 2041 3973 Jovi

467 4017 685 4072 capram
731 4005 915 4061 ferunt
946 4008 1204 4074 dicatam,
1240 4010 1423 4066 Cereri
1465 4012 1698 4075 semina,
1731 4009 1928 4066 Libero
1970 4011 2045 4064 vi-

466 4112 619 4161 num,
654 4098 796 4154 Osiri
830 4114 1027 4169 aquam
1075 4102 1210 4174 (55),
1256 4101 1545 4158 Hammoni
1576 4108 1822 4171 arietem,
1861 4102 2043 4171 Dianae

457 4205 710 4258 'cervum,
764 4190 1027 4264 Syrorum
1071 4197 1303 4250 daemoni
1346 4197 1555 4267 piscem
1604 4204 1659 4251 et
1693 4197 1999 4252 columbam
2026 4240 2041 4265 ,

468 4279 710 4337 Vulcano
740 4284 949 4354 ignem;
991 4298 1043 4341 et
1067 4287 1382 4358 unicuique,
1419 4296 1478 4343 ut
1528 4288 1663 4356 dixi,
1700 4297 1784 4344 est
1833 4290 2041 4359 aliquid

467 4374 685 4443 proprie
716 4375 976 4445 dicatum,
1007 4394 1037 4432 a
1072 4396 1181 4449 quo
1207 4383 1493 4450 oportebat
1520 4383 1795 4438 abstinere
1840 4399 1899 4438 se
1920 4383 2040 4437 cul-

467 4471 615 4520 tores
646 4465 713 4520 ad
750 4467 1011 4524 honorem
1044 4486 1234 4525 eorum
1266 4472 1470 4541 quibus
1492 4473 1669 4528 dicata
1704 4484 1850 4529 sunt.
1886 4474 2043 4531 Nunc

462 4563 642 4612 autem
661 4559 861 4630 singuli
880 4562 946 4617 ab
963 4579 1073 4618 uno
1092 4564 1278 4634 aliquo
1295 4581 1352 4619 se
1370 4566 1747 4632 observantes,
1760 4582 1859 4636 pro
1877 4567 2039 4623 unius

2156 1896 2469 1951 facinorosa
2515 1902 2672 1967 gesta
2731 1901 3099 1959 venerentur;
3158 1893 3333 1963 primo
3381 1890 3643 1961 quidem,
3680 1897 3739 1943 ut

2154 2005 2280 2043 cum
2340 1988 2444 2060 ipsi
2499 1988 2700 2043 similia
2746 1987 2977 2058 egerint,
3010 1992 3263 2057 acceptos
3310 2000 3370 2039 se
3421 1985 3483 2039 ei
3523 1983 3734 2038 futuros

2155 2086 2355 2148 sciant,
2395 2087 2583 2150 utpote
2606 2095 2768 2151 quem
2793 2080 3083 2134 imitantur.
3104 2078 3159 2132 in
3190 2076 3435 2147 ﬂagitiis;
3471 2076 3733 2137 secundo,

2152 2174 2299 2243 quod
2334 2173 2447 2226 haec
2478 2173 2675 2227 litteris
2702 2172 2839 2228 scite
2868 2170 3151 2225 recondita.
3173 2177 3227 2224 et
3245 2169 3494 2224 versibus
3518 2168 3735 2237 elegan-

2152 2272 2235 2319 ter
2286 2264 2493 2319 inserta
2552 2272 2764 2319 veteres
2810 2263 3175 2335 reliquerunt.
3211 2260 3277 2314 Et
3308 2275 3455 2314 nunc
3507 2258 3734 2329 puerilis

2153 2355 2479 2411 eruditionis
2523 2355 2776 2419 obtentu,
2824 2369 2951 2408 cum
2996 2368 3185 2408 eorum
3226 2352 3421 2406 notitia
3443 2350 3655 2405 teneris
3682 2358 3734 2404 et

2154 2448 2496 2518 simplicibus
2527 2446 2819 2501 adhaeserit
2842 2445 3140 2511 mentibus,
3166 2444 3354 2500 revelli
3378 2459 3444 2498 ex
3464 2443 3547 2498 eis
3576 2451 3733 2512 atque

2153 2542 2314 2611 abjici
2349 2540 2641 2595 diﬂiculter
2668 2547 2869 2610 potest.

2223 2632 2413 2687 XXIX.
2451 2631 2575 2687 Haec
2616 2646 2740 2686 cum
2776 2632 3005 2687 dixisset
3036 2630 3254 2695 Petrus,
3288 2627 3475 2683 Niceta
3505 2641 3733 2697 respon-

2150 2725 2230 2781 dit
2263 2745 2274 2780 :
2302 2724 2418 2779 Non
2450 2736 2630 2795 putes,
2665 2724 2885 2781 domine
2924 2725 2993 2777 mi
3030 2722 3205 2785 Petre,
3236 2737 3341 2776 non
3376 2720 3582 2775 habere
3613 2733 3736 2774 eru-

2149 2820 2294 2874 ditos
2320 2833 2569 2889 quosque
2596 2817 2876 2887 gentilium
2902 2812 3412 2870 verisimilitudines
3442 2810 3731 2881 quasdam,

2148 2911 2348 2982 quibus
2406 2917 2657 2965 astruant
2707 2908 2823 2962 haec
2870 2922 2991 2977 qua:
3043 2906 3335 2976 culpabilia
3391 2904 3650 2958 videntur
3685 2910 3736 2956 et

2148 3004 2413 3073 probrosa
2437 3022 2449 3057 :
2474 3018 2594 3073 quae
2618 3001 2836 3071 quidem
2875 3016 2972 3071 ego
3000 3015 3108 3054 non
3139 3007 3197 3053 ut
3226 2996 3562 3053 conﬁrmans
3589 3010 3735 3051 erro-

2147 3112 2235 3152 res
2289 3111 2480 3150 eorum
2526 3096 2650 3150 dico
2701 3094 2866 3165 (absit
2916 3093 3062 3148 enim
3092 3106 3123 3145 a
3159 3106 3285 3156 me,
3312 3098 3373 3143 ut
3399 3089 3502 3144 hoc
3546 3089 3635 3143 vel
3670 3087 3738 3141 ad

2147 3189 2531 3259 cogitationem
2564 3204 2739 3243 meam
2795 3184 3161 3254 veniat),.sed
3219 3190 3405 3238 tamen
3456 3182 3578 3237 scio
3616 3195 3741 3236 esse

2152 3282 2296 3354 apud
2350 3282 2737 3351 prudentiores
2766 3281 3009 3351 ipsorum
3036 3277 3389 3349 delensiones
3439 3275 3736 3345 quasdam,

2151 3375 2350 3445 quibus
2380 3382 2630 3429 astruere
2659 3379 2715 3428 et
2734 3373 2982 3427 colorare
3009 3370 3186 3425 solent
3205 3369 3321 3423 haec
3335 3382 3457 3438 quas
3480 3367 3741 3422 videntur

2150 3466 2410 3522 absurda.
2448 3465 2516 3519 Et
2547 3465 2594 3521 si
2625 3465 2725 3519 tibi
2756 3448 2955 3536 placet,
2993 3472 3053 3517 ut
3082 3463 3264 3533 aliqua
3294 3477 3360 3517 ex
3408 3461 3496 3515 his
3551 3458 3741 3530 profe-

2149 3574 2288 3623 ram,
2329 3573 2451 3627 qute
2479 3573 2543 3612 ex
2577 3563 2728 3628 parte
2764 3557 2943 3626 aliqua
2973 3554 3205 3619 retineo,
3233 3561 3292 3607 ut
3317 3552 3482 3622 jnbes
3512 3550 3738 3604 faciam.

2148 3652 2392 3720 Cumque
2410 3650 2605 3705 Petrus
2628 3648 2988 3720 permisisset,
3003 3646 3190 3701 Niceta
3212 3646 3316 3700 hoc
3333 3644 3495 3699 modo
3519 3643 3695 3712 cmpit
3722 3657 3737 3693 :

2224 3741 2395 3797 XXX.
2424 3741 2617 3797 Omnis
2648 3755 2829 3797 sermo
2859 3738 3002 3811 apud
3018 3737 3257 3801 Graecos,
3280 3735 3374 3807 qui
3396 3734 3463 3790 de
3491 3732 3741 3803 antiqui-

2145 3834 2276 3913 tatis
2326 3834 2539 3905 origine
2585 3832 2976 3899 conscribitur,
2999 3846 3123 3887 cum
3168 3830 3305 3884 alios
3354 3828 3588 3894 multos,
3623 3835 3740 3879 tum

2144 3916 2284 4007 duos
2311 3924 2617 3995 praecipuos
2649 3931 2902 3977 auctores
2932 3921 3116 3983 habet,
3143 3918 3419 3989 Orpheum
3458 3926 3515 3971 et
3544 3915 3742 3971 Hesio-

2117 4008 2295 4093 fdum.
2328 4015 2533 4072 Horum
2565 4029 2696 4085 ergo
2729 4014 2932 4084 scripta
2958 4013 3013 4067 in
3036 4012 3173 4066 duas
3201 4018 3390 4081 partes
3422 4009 3743 4077 intelligen-

2064 4061 2122 4258 V

2146 4111 2231 4165 tia:
2266 4108 2604 4173 dividuntur,
2633 4108 2687 4163 id
2715 4115 2820 4171 est,
2855 4105 3157 4163 secundum
3190 4104 3427 4158 litteram
3452 4109 3510 4157 et
3536 4114 3739 4157 secun-

2144 4201 2273 4255 dum
2332 4201 2679 4271 allegoriam;
2712 4207 2766 4254 et
2812 4199 2880 4254 ad
2926 4212 2993 4253 ea
3024 4195 3243 4268 quidem
3274 4210 3396 4265 quae
3421 4192 3741 4249 secundum

2142 4293 2379 4348 litteram
2434 4302 2583 4357 sunt,
2618 4292 2876 4362 ignobilis
2926 4291 3071 4361 vulgi
3131 4287 3287 4344 turba
3345 4285 3744 4349 conﬂuxit,ea

2144 4400 2275 4441 vero
2329 4400 2451 4454 quae
2495 4384 2796 4441 secundum
2855 4382 3171 4452 allegoriam
3227 4387 3509 4443 constant,
3552 4376 3745 4432 omnis

2143 4477 2594 4548 philosophorum
2624 4485 2679 4533 et
2709 4477 3051 4533 eruditorum
3099 4474 3404 4545 loquacitas
3455 4470 3741 4526 admirata

2146 4577 2250 4624 est.
2280 4568 2531 4639 Orpheus
2560 4569 2726 4639 igitur
2751 4567 2864 4641 (56)
2899 4577 3004 4632 est,
3032 4566 3127 4638 qui
3157 4566 3287 4621 dicit
3324 4564 3507 4635 primo
3566 4562 3745 4617 fuisse

463 4648 671 4707 honore
694 4662 919 4712 caeteros
941 4671 1130 4713 omnes
1159 4658 1329 4713 iratos
1363 4658 1600 4727 habent;
1624 4675 1763 4731 quos
1781 4661 1969 4731 utique
1993 4662 2038 4714 si
2073 4654 2117 4707 Ι)
2146 4662 2315 4718 chaos
2371 4662 2766 4731 sempiternum
2787 4702 2803 4728 ,
2861 4660 3213 4725 immensum,
3274 4658 3616 4729 ingenitum,
3674 4669 3743 4710 ex

1748 4760 2117 4830 COTELERII
2156 4774 2384 4831 norm.

460 4884 684 4955 τροκλον
704 4880 1039 4955 ᾀπεθέωᾳαγ.
1068 4879 1170 4955 S_ed
1205 4882 1411 4955 malim,
1432 4883 1707 4955 Opuntum
1744 4892 1837 4955 aut
1864 4883 2039 4952 Opun-

461 4950 588 5020 tém,
606 4970 673 5008 ex
699 4950 1059 5025 Cle_mentinis,
1082 4952 1390 5023 Πάτροκλον
1429 4950 1747 5007 Ὀπούντιοι.
1768 4950 2039 5025 Opuntius

460 5026 606 5082 enim
636 5032 754 5078 erat
781 5022 1085 5078 Patroclus.

532 5094 645 5167 (55)
682 5093 833 5163 Apud
874 5092 1121 5167 Rhodum
1158 5092 1527 5167 Alechn‘drumr
1553 5093 1911 5167 Macedonem.
1945 5094 2039 5150 Jo-

460 5164 722 5220 culariter
748 5165 888 5233 apud
922 5164 1245 5236 (laesarium.
1263 5164 1450 5236 'Péotot
1485 5166 1577 5219 τὸν
1598 5166 1897 5236 εἰκῄμαχον
1918 5168 2040 5220 Μα-

460 5237 670 5298 κέδονα,
716 5232 1013 5293 verterunt,
1047 5233 1235 5287 Rhodii
1289 5232 1622 5290 Icemachum
1672 5232 2034 5291 Macedonem.

461 5308 540 5362 Tn
573 5307 738 5377 serio,
772 5306 1479 5377 temerariumpugnatorem
1508 5307 1767 5377 intellige.

529 5378 640 5449 (54)
685 5376 941 5449 Prognen}
976 5385 1025 5449 et
1058 5375 1552 5449 P/tilomelantcttm
1588 5375 1766 5432 Tereo.
1799 5377 2032 5449 Legatur

457 5445 618 5505 velim
649 5445 866 5518 elegans
902 5445 1139 5516 Epistola
1182 5445 1431 5518 Gregorii
1461 5447 1810 5518 Nazianzeni,
1834 5445 2031 5518 prima

464 5529 712 5580 numero,
741 5515 1067 5582 'noteturque
1094 5529 1211 5568 eam
1243 5515 1525 5582 epistolam
1554 5516 1606 5568 in
1630 5516 1811 5569 codice
1834 5515 2029 5570 Vindo-

464 5582 707 5655 bonensi,
738 5582 1098 5655 Lambeciano
1126 5585 1211 5647 75,
1244 5583 1671 5655 Theologicorum
1701 5583 2023 5649 Gra’corum,

462 5652 627 5724 tribui
674 5652 896 5724 Basilio,
945 5669 1227 5724 perperam
1268 5672 1280 5708 :
1316 5670 1412 5710 ms.
1439 5652 1635 5709 'autem
1687 5656 1856 5724 Regio
1889 5656 2024 5710 1474

462 5722 676 5795 titulun)
710 5723 908 5795 habere
945 5722 957 5775 ἐ
992 5722 1134 5795 Πρὸς
1168 5724 1457 5778 Κελεύσιον
1487 5726 1739 5795 ἄρχοντα,
1773 5722 1930 5795 ἧνίκα
1965 5728 2022 5779 ἐν

463 5791 691 5859 Γλαμίδι
719 5791 779 5858 (Γ.
811 5795 876 5861 τῇ
906 5794 1094 5861 Δαμξδι
1124 5810 1184 5849 ex
1218 5795 1373 5865 epist.
1406 5796 1495 5863 99)
1528 5791 1814 5865 ἦᾶύχατενζ

2218 4884 2337 4957 (55)
2374 4882 2520 4940 Osiri
2543 4902 2757 4957 aquam.
2789 4884 2927 4957 Quia
2955 4901 3052 4955 per
3079 4884 3348 4957 Osiridem
3376 4902 3616 4957 _aquam
3666 4892 3744 4947 in-

2143 4953 2499 5027 tell—igebant;
2547 4953 3036 5027 μὲταλαμὸςέινουξιι2
3092 4956 3185 5010 τὸν
3240 4955 3339 5025 μὲν
3374 4953 3609 5027 Ὀὰιριν
3663 4967 3744 5027 εἰς

2150 5026 2313 5097 ὔδῳρ,
2338 5026 2437 5097 τὴν
2472 5026 2528 5081 δὲ
2551 5025 2696 5080 Ἶσιν
2736 5025 2817 5090 εἰς
2854 5028 2977 5097 γ-ῆν.
3006 5025 3296 5096 Origenes,
3328 5028 3449 5083 v.in
3484 5025 3740 5095 Celsum;

2138 5111 2193 5165 p.
2225 5095 2331 5162 65;
2364 5095 2459 5169 seu
2487 5098 2548 5169 τὸ
2571 5098 2841 5169 ὓγρονι-ἰη
2875 5095 3133 5151 Sallustio
3164 5096 3489 5169 philosopho
3522 5099 3606 5155 De
3633 5103 3741 5157 dii:

2137 5164 2185 5221 et
2217 5164 2411 5221 mundo
2442 5182 2492 5222 c.
2522 5168 2589 5234 4;
2618 5164 2721 5223 seu
2753 5166 2931 5221 Nilum
2963 5208 2976 5231 ,
3013 5164 3478 5222 teste‘HeIiodoro
3522 5171 3630 5227 lib.
3660 5188 3737 5233 Ix,

2176 5245 2261 5291 ost
2290 5235 2565 5291 Elianum
2601 5238 2690 5291 lib.
2725 5254 2781 5302 x,
2816 5238 2889 5291 De
2931 5247 3125 5291 natura
3164 5237 3507 5300 animalium,
3538 5255 3595 5293 c.
3636 5242 3735 5305 46,

2184 5309 2489 5361 lutarchum
2539 5307 2616 5360 De
2648 5307 2791 5361 Iside
2827 5324 2890 5361 ac
2916 5308 3159 5368 Osiride,
3202 5315 3363 5376 atque
3419 5307 3737 5366 Eusebium

2138 5378 2441 5446 Pra’parat.
2476 5378 2787 5449 evang.glib.
2822 5392 2905 5444 ιιι,
2938 5393 2989 5433 c.
3020 5380 3108 5433 11.
3142 5376 3441 5432 Videantur
3470 5377 3737 5436 Clemen-

2135 5450 2248 5502 tina
2283 5451 2429 5501 hom.
2462 5464 2536 5513 Vl,
2568 5447 2624 5503 n.
2657 5447 2710 5503 9.

2205 5518 2318 5589 (56)
2362 5517 2597 5589 orpheus
2645 5519 2831 5587 igitur.
2890 5518 2965 5573 De
3011 5518 3210 5589 orphei
3258 5518 3519 5589 doctrina
3585 5523 3737 5577 inter

2132 5586 2235 5663 alia
2256 5589 2379 5663 _Ieg_e
2408 5586 2655 5663 Graecum
2690 5589 3048 5663 fragmentum
3074 5588 3340 5663 Timothei
3364 5588 3738 5663 Chronogra-

2132 5657 2224 5727 phi
2256 5658 2309 5711 in
2332 5658 2551 5732 Eusebii
2580 5660 2852 5716 Chronicis
2878 5660 3038 5732 paulo
3060 5668 3180 5732 post
3198 5658 3433 5732 initium,
3462 5657 3651 5732 atque
3665 5678 3737 5720 ex

2129 5745 2195 5783 co
2213 5730 2427 5798 corrige
2443 5727 2749 5784 Cedrenum
2771 5727 2893 5852 ρειὲ
2911 5727 3001 5787 46.
3027 5727 3115 5783 ubi
3142 5727 3736 5808 pudendoscriptum

2130 5806 2311 5854 errato
2324 5798 2573 5869 Orpheus
2591 5798 2790 5855 dicitur
2803 5801 2832 5853 ὁ
2894 5797 3245 5870 ρωώσιος,‹]ιιὶ
3262 5800 3553 5871 Ὀδρυτιος
3584 5818 3732 5863 σαι.
