4022 6274
388 322 419 376 1
430 321 534 379 437

1640 320 2200 378 RECOGNITIONUM
2237 317 2360 372 LIB.
2398 316 2439 370 Χ

3523 314 3651 370 1438

396 448 509 504 quo
554 434 911 491 omnia'facta
945 439 1107 501 sunt;
1133 433 1238 488 hoc
1278 449 1407 489 sane
1454 439 1634 505 ipsum
1671 433 1840 488 chaos
1870 448 1979 487 non
2010 438 2056 494 Α
2083 431 2235 485 lianc
2283 444 2413 499 ergo
2452 441 2716 498 aquarum
2772 426 3099 491 libertatem,
3157 441 3279 496 quae
3315 425 3467 496 prius
3504 425 3649 479 bulla

395 528 655 583 tenebras
682 528 819 582 dixit
848 542 991 591 esse,
1022 542 1133 581 non
1158 526 1361 591 lucem,
1394 542 1502 581 non
1533 525 1837 592 humidum,
1864 540 1973 579 non

396 621 633 685 aridum,
687 632 796 673 non
845 618 1106 682 calidum,
1161 633 1271 672 non
1317 616 1597 689 frigidum,
1639 616 1734 672 sed
1790 617 1974 671 omnia

397 712 559 768 simul
603 710 784 775 mista,
821 716 875 763 et
924 722 1138 777 semper
1174 724 1339 763 unum
1373 707 1542 764 fuisse
1582 708 1844 773 informe;
1875 706 1976 761 ali-

396 804 621 873 quando
673 813 856 859 tamen
889 803 1047 872 quasi
1089 801 1155 855 ad
1186 804 1273 855 ovi
1312 801 1570 857 immanis
1604 802 1848 865 modum,
1879 817 1975 871 per

397 895 660 949 immensa
696 903 943 965 tempora
984 892 1229 947 effectam
1272 892 1550 963 peperisse
1586 908 1649 947 ac
1681 893 1975 964 protulisse

394 1001 459 1040 ex
491 1001 549 1040 se
586 986 857 1056 duplicem
892 985 1186 1055 quamdam
1219 986 1479 1054 speciem,
1514 1001 1675 1055 quam
1723 986 1798 1039 illi
1830 1000 1975 1040 mas-

393 1078 776 1132 culofeminam
805 1084 1023 1141 vocant,
1041 1093 1104 1131 ex
1131 1078 1407 1131 contraria
1435 1078 1762 1134 admistione
1790 1077 1976 1147 hujus-

394 1170 545 1225 modi
597 1170 934 1225 diversitatis
978 1170 1211 1239 speciem
1243 1178 1587 1238 concretam;
1622 1179 1675 1225 et
1707 1171 1809 1225 hoc
1851 1186 1974 1226 esse

394 1261 722 1332 principium
754 1263 1019 1324 omnium,
1050 1262 1195 1331 quod
1241 1262 1477 1332 primum
1521 1278 1589 1317 ex
1622 1265 1847 1318 materia
1874 1279 1976 1332 pu-

394 1353 539 1407 riore
578 1354 932 1422 processerit,
961 1353 1215 1424 quodque
1248 1351 1549 1423 procedens
1589 1352 1974 1409 discretionem

393 1450 635 1513 quatuor
684 1444 1081 1499 elementorum
1139 1445 1369 1507 dederit,
1395 1453 1449 1497 et
1490 1460 1557 1499 ex
1599 1443 1813 1501 duobus
1854 1461 1975 1515 quae

394 1535 567 1604 prima
600 1542 727 1590 sunt
761 1535 1045 1590 elementis
1070 1533 1258 1590 fecerit
1289 1537 1507 1600 cmlum,
1541 1551 1606 1589 ex
1639 1536 1761 1592 aliis
1791 1546 1971 1591 autem

394 1632 617 1688 terram,
648 1640 714 1679 ex
773 1625 975 1694 quibus
1028 1623 1137 1694 jam
1191 1623 1374 1677 omnia
1423 1625 1842 1695 participatione
1886 1625 1972 1679 sui

393 1714 626 1770 invicem
654 1716 808 1770 nasci
846 1716 982 1771 dicit
1009 1724 1063 1772 et
1084 1716 1255 1787 gigni.
1283 1715 1409 1771 Haec
1445 1716 1664 1786 quidem
1700 1716 1969 1787 Orpheus.

2074 528 2360 597 ohtegente
2392 523 2763 594 premebatur,
2787 529 3077 593 postquam
3116 522 3207 575 illa
3238 520 3433 577 inferni
3457 520 3652 576 sortita

2072 628 2156 674 est
2210 619 2410 681 locum,
2467 616 2783 686 Neptunum
2819 629 2942 669 esse
2985 614 3330 682 appellatam.
3370 611 3501 668 Post
3547 610 3651 666 hoc

2073 725 2196 763 cum
2234 709 2565 763 elementum
2600 705 2857 775 frigidum
2888 719 2985 774 per
3014 704 3419 758 concretionem
3451 702 3652 771 glacia-

2072 805 2139 861 lis
2167 804 2326 859 bullae
2356 803 2422 855 ad
2446 801 2706 856 inferiora
2748 800 2944 854 fuisset
2972 798 3308 866 absorptum,
3338 806 3392 851 et
3436 797 3649 851 aridum

2073 896 2267 950 fuisset
2320 893 2720 962 humidumque
2757 891 3080 953 discretum,
3121 889 3272 942 nullo
3309 887 3421 954 jam
3478 888 3651 956 impe-

2071 988 2274 1049 diente,
2322 985 2650 1040 elementum
2709 982 2947 1039 calidum
2990 983 3131 1052 ignis
3172 989 3360 1051 utpote
3386 980 3568 1051 vigore
3598 989 3650 1036 et

2070 1079 2287 1133 levitate
2311 1078 2376 1130 ad
2403 1077 2687 1146 superiora
2713 1074 3203 1138 convolavitaeris,
3223 1074 3417 1143 spiritu
3442 1082 3493 1127 et
3522 1087 3651 1143 pro-

2072 1168 2208 1223 cella
2254 1169 2595 1223 subvectum.
2630 1164 2783 1219 Hanc
2817 1180 2945 1236 ergo
2973 1165 3290 1235 procellam,
3316 1180 3437 1235 quae
3471 1180 3652 1217 καται-

2070 1265 2159 1331 γίς
2178 1263 2364 1319 (ἕηκε
2423 1264 2750 1335 appellatur,
2782 1278 2949 1333 aegem
2972 1304 2987 1328 ,
3020 1262 3074 1315 id
3118 1270 3204 1316 est
3248 1278 3467 1332 capram
3498 1262 3652 1317 dixe-

2071 1369 2220 1421 runt,
2251 1365 2304 1412 et
2348 1358 2529 1428 ignem
2564 1359 2657 1425 qui
2691 1355 2758 1409 ad
2791 1370 3028 1425 superna
3061 1354 3399 1417 conscendit,
3430 1353 3649 1422 Jovem;

2070 1458 2125 1502 et
2155 1448 2277 1503 ideo
2307 1464 2432 1503 eum
2470 1463 2636 1519 capra
2684 1448 3004 1503 subvectum
3038 1446 3429 1502 conscendisse
3461 1445 3649 1518 Olym-

2072 1556 2200 1611 pum
2231 1540 2441 1596 dicunt.

2144 1628 2387 1685 XXXIII.
2419 1629 2604 1700 Ipsum
2635 1645 2766 1685 vero
2796 1629 2983 1685 Jovem
3015 1628 3189 1683 (ἕτωοί
3232 1628 3450 1699 quidem
3495 1644 3526 1683 a
3572 1629 3651 1683 vi-

2073 1721 2249 1776 vendo
2278 1723 2361 1777 vel
2391 1722 2559 1777 vitam
2598 1722 2800 1785 dando,
2834 1722 3009 1777 nostri
3044 1736 3074 1774 a
3112 1721 3357 1791 juvando
3396 1721 3651 1775 nomina-

463 1805 656 1861 XXXI.
688 1807 978 1879 Subjungit
1027 1818 1209 1863 autem
1268 1808 1356 1863 his
1408 1818 1461 1864 et
1500 1807 1802 1871 Hesiodus,
1848 1814 1971 1878 post
2005 1790 2044 1844 Β
2076 1820 2189 1868 tum
2222 1814 2431 1869 volunt.
2465 1813 2617 1868 Hanc
2653 1828 2784 1884 ergo
2815 1828 2938 1868 esse
2981 1790 3255 1867 viventem
3290 1812 3651 1867 substantiam

391 1900 560 1955 chaos
601 1900 783 1955 statim
819 1902 1018 1955 caelum
1047 1901 1239 1956 dicens
1283 1900 1488 1957 factum
1512 1918 1635 1958 esse
1663 1909 1717 1956 et
1746 1908 1968 1967 terram,

389 2005 456 2046 ex
497 1990 699 2060 quibus
736 1992 813 2045 ait
843 1993 1156 2062 progenitos
1188 1993 1310 2047 illos
1340 1992 1615 2057 undecim,
1636 2008 1774 2063 quos
1802 1993 1971 2048 inter-

391 2081 520 2135 dum
553 2089 607 2136 et
637 2081 924 2136 duodecim
963 2083 1097 2137 dicit
1131 2084 1269 2155 (57),
1304 2100 1368 2139 ex
1395 2085 1595 2155 quibus
1641 2101 1734 2141 sex
1769 2100 1970 2152 mares,

390 2173 632 2244 quinque
678 2173 910 2230 feminas
968 2174 1149 2244 ponit;
1205 2177 1425 2230 nomina
1466 2187 1644 2229 autem
1679 2174 1773 2229 dat
1809 2176 1975 2228 mari-

388 2266 493 2321 bus
535 2284 549 2320 :
587 2263 858 2331 Oceanus,
911 2268 1095 2331 Coeus,
1141 2267 1334 2332 Crius,
1379 2266 1675 2338 Hyperion,
1734 2268 1968 2337 Iapetus,

388 2357 623 2439 Orontis,
647 2360 807 2429 quiet
828 2358 1101 2416 Saturnus
1125 2379 1139 2427 ;
1163 2362 1291 2415 item
1322 2360 1544 2417 feminis
1568 2380 1581 2415 :
1611 2360 1767 2422 Thia,
1796 2360 1968 2426 Rhea,

388 2442 635 2515 Themis,
663 2450 1033 2523 Mnemosyne,
1066 2449 1286 2522 Thetys,
1319 2468 1439 2522 quae
1470 2453 1688 2507 nomina
1714 2468 1806 2522 per
1840 2453 1972 2507 alle-

386 2542 597 2613 goriam
618 2542 722 2596 hoc
746 2540 909 2597 modo
942 2543 1372 2613 interpretantur
1400 2563 1412 2598 :
1444 2560 1729 2598 numerum
1752 2543 1970 2613 quidem

324 2622 331 2635 ’
390 2633 644 2688 undecim
681 2633 764 2687 vel
797 2632 1109 2697 duodecim,
1147 2634 1320 2704 ipsam
1365 2634 1555 2688 dicunt
1598 2634 1827 2704 primam
1872 2648 1972 2688 na-

391 2729 590 2789 turam,
623 2738 783 2792 quam
815 2731 869 2779 et
913 2723 1119 2779 Rheam
1170 2740 1201 2778 a
1231 2723 1448 2780 ﬂuendo
1484 2725 1690 2781 dictam
1735 2726 1964 2793 volunt;

395 2813 640 2882 reliquos
683 2823 863 2870 autem
893 2817 1079 2872 decem
1129 2818 1435 2873 accidentia
1464 2818 1585 2889 ejus
1614 2820 1802 2874 dicunt
1834 2834 1970 2890 quas

388 2913 443 2960 et
473 2906 764 2974 qualitates
791 2910 1100 2978 appellant;
1134 2910 1519 2966 duodecimum
1551 2919 1735 2966 tamen
1759 2910 1969 2966 addunt

387 3005 443 3049 et
470 2996 709 3051 Cronum
743 3014 905 3067 quem
938 3000 1080 3070 apud
1109 3016 1210 3057 nos
1248 3001 1543 3058 Saturnum
1574 3003 1798 3071 dicunt;
1822 3006 1969 3059 hunc

389 3104 488 3160 pro
520 3097 763 3158 tempore
816 3090 1112 3160 accipiunt.
1166 3090 1465 3149 Saturnum
1522 3110 1650 3166 ergo
1678 3105 1730 3150 et
1759 3093 1965 3152 Rheam
1993 3127 2036 3184 ο

389 3194 604 3249 tempus
630 3186 842 3249 ponunt
867 3188 922 3233 et
952 3181 1259 3247 materiam,
1286 3200 1405 3254 quae
1436 3185 1528 3239 ubi
1567 3201 1691 3240 cum
1743 3186 1967 3242 humido

389 3278 444 3325 et
492 3272 647 3325 arido
675 3279 730 3327 et
760 3271 937 3328 calido
966 3280 1019 3328 et
1052 3272 1249 3344 frigido
1276 3284 1523 3346 tempore
1564 3276 1768 3332 fuerint
1796 3279 1970 3334 admi-

389 3375 495 3446 sta,
522 3370 704 3422 omnia
741 3376 1025 3439 generant.

460 3455 673 3513 XXXII.
700 3458 825 3513 Haec
852 3474 1006 3530 ergo,
1038 3460 1236 3530 inquit,
1261 3462 1437 3533 primo
1460 3464 1699 3518 omnium
1729 3472 1971 3536 tempore

396 3555 570 3610 multo
613 3563 923 3609 concretam
972 3556 1158 3625 genuit
1201 3558 1492 3628 quamdam
1543 3561 1700 3629 quasi
1743 3560 1966 3627 bullam,

388 3657 512 3713 quae
551 3658 616 3697 ex
647 3642 840 3713 Spiritu
872 3644 967 3713 qui
999 3645 1054 3699 in
1089 3646 1246 3715 aquis
1277 3654 1417 3709 erat,
1455 3647 1712 3715 paulatim
1744 3650 1969 3705 collecta

391 3735 669 3800 intumuit,
684 3745 737 3789 et
756 3735 1032 3805 aliquanto
1053 3747 1294 3807 tempore
1313 3738 1644 3793 circumacta
1666 3756 1762 3810 per
1790 3758 1971 3813 super-

391 3824 563 3879 ficiem
593 3826 855 3891 materiae,
882 3842 947 3882 ex
982 3841 1089 3897 qua
1118 3828 1276 3899 quasi
1315 3845 1382 3884 ex
1406 3829 1574 3883 vulva
1603 3840 1965 3899 processerat,

324 3906 570 3995 {rigore
612 3916 833 3989 frigoris
882 3919 1151 3974 obdurata
1197 3929 1251 3975 et
1301 3921 1621 3992 glacialibus
1663 3926 1968 3994 augmentis

294 4004 323 4065 μ’
388 4021 611 4077 semper
648 4009 986 4073 increscens,
1021 4012 1253 4080 abrupta
1289 4012 1506 4067 tandem
1547 4013 1883 4087 demergitur
1912 4017 1967 4072 in

387 4097 747 4168 profundum,
777 4116 841 4153 ac
874 4100 1112 4170 pondere
1154 4102 1274 4171 ipso
1302 4110 1577 4172 pertracta
1608 4105 1662 4159 in
1693 4106 1966 4162 infernum

385 4191 693 4256 descendit,
727 4201 783 4246 et
814 4193 942 4262 quia
1000 4193 1293 4250 invisibilis
1344 4194 1487 4250 facta
1523 4204 1629 4262 est,
1663 4198 1827 4255 Aides
1867 4216 1965 4271 ap-

384 4281 586 4352 pellata
614 4288 719 4344 est.
742 4283 836 4352 qui
866 4290 920 4337 et
940 4282 1114 4340 Orcus
1137 4286 1220 4341 vel
1249 4284 1408 4341 Pluto
1439 4288 1773 4347 nominatur.
1801 4291 1967 4346 Cum-

393 4393 504 4451 que
546 4378 614 4433 de
659 4380 1037 4449 superioribus
1080 4392 1417 4455 mergeretur
1438 4386 1494 4439 in
1526 4385 1761 4451 inferna,
1788 4386 1964 4441 locum

2074 1906 2278 1970 ferunt,
2313 1921 2433 1975 quae
2463 1905 2517 1958 in
2548 1905 2928 1974 superioribus
2964 1906 3164 1975 posita,
3197 1904 3248 1956 vi
3285 1903 3484 1957 caloris
3506 1902 3653 1956 velut

2072 1997 2281 2055 cerebri
2336 1996 2543 2050 ambitu
2587 1995 2655 2049 ad
2698 2010 2757 2050 se
2787 1996 3009 2050 trahens
3038 2004 3252 2050 cuncta.
3289 2001 3343 2047 et
3367 1992 3651 2061 cujusdam

2074 2088 2487 2160 temperamenti
2539 2088 2913 2143 moderatione
2976 2101 3332 2157 componens,
3364 2086 3430 2139 de
3476 2084 3652 2153 capite
3744 2104 3745 2107 η

2073 2184 2273 2240 dicitur
2291 2184 2545 2253 genuisse
2565 2183 2909 2251 sapientiam,
2931 2196 3093 2251 quam
3110 2180 3406 2234 Minervam
3430 2183 3649 2241 vocant,
3730 2190 3733 2191 ν

2072 2293 2193 2347 qua:
2242 2291 2274 2329 a
2318 2273 2523 2331 Graecis
2564 2274 2765 2346 Ἀθήνη
2794 2282 3017 2344 propter
3048 2271 3508 2326 immortalitatem
3539 2267 3651 2339 (58)

2072 2368 2351 2424 nominata
2379 2374 2493 2433 est;
2519 2382 2639 2436 qua:
2686 2366 2812 2436 quia
2841 2374 2995 2435 pater
3038 2363 3279 2417 omnium
3305 2376 3401 2432 per
3435 2360 3653 2428 sapien-

2073 2460 2201 2515 tiam
2253 2474 2406 2513 suam
2447 2465 2647 2513 cuncta
2691 2455 2957 2518 condidit,
2991 2462 3043 2507 et
3072 2469 3138 2507 ex
3164 2453 3282 2522 ipso
3312 2452 3487 2521 capite
3530 2450 3652 2518 ejus

2071 2555 2124 2603 et
2164 2548 2450 2620 principali
2475 2548 2716 2601 omnium
2748 2547 2931 2615 genita
2960 2544 3163 2598 dicitur
3197 2543 3337 2607 loco,
3361 2548 3414 2596 et
3446 2550 3653 2610 tempe-

2072 2649 2192 2695 rata
2238 2638 2566 2693 admistione
2608 2636 3004 2691 elementorum
3038 2635 3353 2689 universum
3384 2632 3651 2687 formasse

2071 2732 2336 2789 mundum
2385 2740 2439 2786 et
2488 2729 2786 2783 adornasse
2841 2727 3186 2797 perhibetur.
3232 2726 3403 2796 Igitur
3439 2725 3649 2794 species

2071 2842 2195 2896 qua}
2239 2824 2483 2879 materiis
2530 2822 2718 2877 inditae
2764 2828 2914 2883 sunt,
2948 2832 3007 2876 ut
3049 2819 3199 2873 fieret
3226 2819 3485 2879 mundus,
3520 2816 3647 2885 quia

2070 2917 2123 2972 vi
2178 2916 2376 2971 caloris
2428 2913 2904 2983 constringuntur,
2940 2910 3095 2965 Jovis
3140 2910 3349 2964 viribus
3378 2903 3648 2962 contineri

2071 3010 2347 3064 dicuntur.
2383 3005 2514 3071 Quae
2552 3004 2811 3075 quoniam
2844 3002 3172 3057 sufﬁcienter
3205 3015 3263 3055 se
3300 2999 3521 3063 habent,
3546 3011 3648 3051 nec

2071 3100 2214 3155 ultra
2268 3096 2392 3151 addi
2440 3095 2545 3151 sibi
2582 3096 2825 3165 indigent
2879 3093 3083 3164 aliquid
3136 3091 3284 3161 novi,
3317 3090 3411 3145 sed
3446 3106 3647 3145 unum-

2071 3193 2328 3262 quodque
2374 3188 2599 3245 seminis
2632 3189 2718 3244 sui
2748 3187 3067 3258 posteritate
3110 3194 3413 3256 reparatur,
3448 3186 3645 3239 vinctae

2071 3299 2191 3339 esse
2229 3297 2259 3335 a
2286 3278 2419 3336 Jove
2471 3279 2693 3334 Saturni
2734 3294 2929 3334 manus
2986 3277 3246 3332 dicuntur
3283 3294 3297 3330 :
3330 3276 3459 3346 quia
3506 3276 3643 3330 nihil

2071 3376 2197 3431 novi
2238 3374 2373 3444 jam,
2408 3372 2637 3441 utLdixi,
2661 3388 2726 3427 ex
2752 3370 2981 3425 materia
3006 3378 3220 3439 tempus
3250 3368 3518 3439 producit,
3546 3365 3641 3421 sed

2071 3467 2220 3520 calor
2279 3465 2549 3520 seminum
2602 3462 2901 3518 secundum
2984 3463 3068 3520 sui
3133 3461 3371 3533 Speciem
3440 3465 3639 3514 cuncta

2072 3555 2333 3619 restituit,
2364 3569 2464 3608 nec
2496 3554 2639 3608 ultra
2689 3552 2854 3608 Rheae
2899 3561 3109 3623 partus,
3136 3553 3239 3608 hoc
3285 3560 3368 3607 est
3400 3564 3640 3621 propago

2071 3646 2310 3699 materiae
2356 3644 2594 3708 fluentis,
2630 3644 2897 3708 ascendit,
2945 3651 2996 3697 et
3046 3643 3165 3697 ideo
3202 3642 3373 3711 ipsam
3408 3642 3639 3710 primam

2070 3738 2463 3794 elementorum
2493 3735 2818 3791 divisionem
2869 3734 3233 3789 abscisionem
3271 3730 3489 3786 Saturni
3532 3746 3636 3784 110--

2071 3829 2311 3895 minant,
2362 3828 2519 3900 quasi
2565 3828 2659 3898 qui
2710 3827 2853 3882 ultra
2900 3825 3162 3882 mundum
3223 3838 3482 3895 generare
3528 3837 3637 3876 non

2069 3922 2265 3990 possit.

2141 4010 2377 4068 XXXIV.
2422 4011 2557 4065 Nam
2606 4010 2674 4066 de
2727 4008 2937 4064 Venere
2980 4008 3084 4062 hoc
3122 4008 3284 4061 modo
3324 4007 3633 4077 allegoriam

2068 4110 2293 4164 tradunt
2326 4127 2340 4162 :
2376 4105 2497 4171 Ubi,
2529 4105 2704 4168 aiunt,
2734 4103 2922 4157 aetheri
2954 4101 3261 4170 subjectum
3287 4108 3368 4154 est
3388 4102 3634 4169 pelagus,

2068 4216 2193 4257 cum
2217 4214 2575 4271 repercussus
2606 4196 2764 4267 aquis
2800 4194 3059 4265 Splendor
3088 4193 3212 4248 coeli
3244 4193 3448 4263 gratior
3469 4192 3636 4245 reful-

2070 4294 2512 4355 sisset,venustas
2540 4302 2720 4343 rerum
2746 4301 2867 4357 quae
2886 4300 2949 4339 ex
2984 4285 3139 4354 aquis
3164 4282 3443 4353 pulchrior
3471 4297 3636 4351 appa-

2067 4391 2273 4451 ruerat,
2309 4381 2489 4437 Venus
2528 4379 2807 4435 nominata
2848 4385 2931 4433 est
2962 4376 3097 4447 (59),
3121 4390 3242 4446 quae
3270 4374 3457 4429 aetheri
3509 4382 3633 4426 tan-

388 4473 701 4531 confluendi
730 4476 951 4531 humido
977 4478 1208 4549 praebuit
1234 4480 1525 4545 elemento,
1555 4488 1609 4537 et
1642 4498 1770 4552 pars
1812 4498 1963 4539 cras-
1996 4468 2041 4523 ι)
2069 4493 2231 4550 quam
2262 4476 2415 4530 fratri
2446 4490 2548 4529 suo
2588 4472 2817 4536 sociata,
2842 4469 2988 4541 quod
3023 4468 3444 4539 concupiscibile
3466 4467 3634 4522 decus

390 4568 523 4631 sior,
559 4582 680 4638 qua:
702 4575 786 4623 est
808 4575 975 4633 terra,
1005 4570 1162 4640 aquis
1194 4572 1511 4629 cedentibus
1534 4573 1803 4644 patefacta
1855 4586 1961 4631 est.

2069 4570 2330 4633 effecerit,
2370 4567 2695 4638 Cupidinem
2756 4563 3009 4636 genuisse
3049 4568 3346 4618 memorata
3385 4566 3488 4616 est.
3522 4556 3633 4612 Hoc

1687 4708 2054 4765 COTELERII
2087 4706 2318 4764 ΝΟΤΛΕ.

460 4861 589 4935 (57),
612 4862 744 4918 Illos
776 4864 1038 4928 undecim,
1066 4882 1194 4935 quos
1226 4866 1489 4920 interdum
1509 4878 1557 4920 et
1584 4867 1858 4922 duodecim
1880 4869 1955 4922 di-

387 4939 481 4991 cit.
535 4931 856 5003 Theogoniae
900 4952 1046 4990 vers.
1078 4931 1241 5001 155,
1296 4946 1402 4991 etc.
1450 4939 1727 5000 Ὠκεανὸν,
1772 4941 1952 5003 Κοῖον,

389 5004 605 5077 Κρεῖον,
637 5004 949 5077 ίΥπερίονα,
997 5008 1254 5072 Ἰαπετὸν,
1292 5007 1473 5072 Θείαν,
1523 5009 1720 5072 Ῥείαν,
1764 5009 1951 5077 Θέμιν,

387 5073 1014 5149 Μνημοσιᾷνην,“Φοί6ην,
1041 5078 1240 5149 Τηθὺν,
1266 5078 1491 5149 Κρόνον,
1524 5077 1698 5149 Supra
1724 5096 1773 5134 c.
1808 5073 1873 5132 I7
1901 5089 1956 5134 et

389 5146 832 5218 Cleinentinorum
856 5146 1040 5203 homil.
1076 5146 1148 5211 vi,
1172 5164 1226 5204 n.
1259 5146 1622 5212 %,'duodecini
1653 5158 1952 5218 ponuntur.

387 5212 657 5290 Iliodorus
679 5213 899 5290 Siculus
930 5218 1023 5290 lib.
1051 5237 1083 5273 ν
1117 5228 1401 5273 enumerat
1430 5212 1702 5284 undecim,
1729 5220 1953 5290 Κρόνον,

398 5283 702 5360 Ὑπερίονα,
736 5287 915 5360 Κοῖον,
947 5288 1209 5352 Ἰαπετὸν,
1248 5290 1434 5360 Κριὸν,
1474 5290 1740 5351 Ὠκεανὸν,
1776 5283 1951 5354 Ῥέαν,

384 5356 573 5430 θέμιν,
622 5355 1005 5430 Μνημοσύνην,
1060 5355 1536 5430 Φοίϐην,’Τηθύν.
1588 5360 1953 5429 Apollodorus

385 5426 481 5514 Ii'b.
518 5440 555 5487 t,
580 5426 870 5514 tredecim,
909 5426 1735 5514 ’ἓκῖανδν,“ἰςοίον,’,Ὑπερίονοῃ
1764 5432 1950 5514 Κρίον,

398 5495 656 5573 Ῑ¹φτξετδνρ
684 5497 911 5573 Κρόνονλ
931 5497 1130 5573 TW!»
1160 5500 1332 5573 Ῥέαν,
1355 5501 1545 5573 Θέμιν,
1564 5495 1951 5573 Μνημοσύνηνν

382 5566 598 5641 Φοίϐην,
624 5565 1054 5641 Διώνδνλθείαν.
1087 5566 1331 5641 Orpheus
1361 5565 1595 5641 denique
1622 5565 1953 5641 quatuord'e-

383 5639 513 5713 gim,
530 5636 718 5713 Θέμςν,
743 5636 943 5713 Τη-θξέν,
972 5636 1354 5713 Μεῃμοίσύνην,
1388 5636 1567 5705 θείαν,
1590 5636 1811 5713 Δίὼνην,
1834 5641 1952 5695 Φοί-

384 5706 505 5784 ϐην,
532 5706 750 5784 -ᾚείην,
794 5706 974 5784 Κοῖον,
1015 5706 1199 5784 Κρὶὸν,
1235 5706 1461 5779 Φόρκυν,
1502 5713 1727 5784 Κρόνον,
1750 5706 1949 5766 ’Ὠκεα-

383 5777 494 5845 νὺθ,
532 5777 837 5850 Ὑπερίονα,
872 5777 1129 5832 Ἰαπετόν.

2128 4868 2240 4935 (ιῖ8)
2290 4865 2509 4937 Ἀθήνη,
2540 4873 2748 4934 propter
2769 4860 3248 4937 i‘niniorralitatern.
3276 4859 3623 4937 Fulgentius;

2062 4932 2297 4997 Minerva
2343 4932 2560 5006 denique
2609 4946 2658 4991 et
2714 4934 2909 5006 Ἀθήνη
2960 4934 3137 5006 Gru'ce
3187 4933 3419 5006 dicitur,
3477 4932 3628 5002 quasi

2060 5013 2322 5075 ἀθάνατος
2355 5004 2636 5081 παρθένος,
2668 5006 2722 5060 id
2746 5004 3166 5081 est'immortalis
3194 5004 3358 5081 virgo,

2131 5082 2243 5152 (59)
2280 5072 2534 5152 Venustas
2565 5093 2760 5152 rerum,
2796 5094 2914 5145 qua:
2940 5091 3003 5130 ex
3032 5075 3183 5152 agitis
3217 5072 3489 5152 pulchrior
3536 5087 3602 5137 ap

2059 5143 2331 5222 paruerat,
2375 5149 2543 5222 Venus
2594 5143 2867 5222 nominum
2915 5156 3013 5222 est:
3066 5145 3241 5222 Ilahes
3291 5143 3378 5197 hic
3404 5155 3629 5222 quoque

2062 5213 2345 5276 Iiufiniaua
2381 5219 2739 5279 Clementinis,
2770 5216 2956 5271 Graeca
2992 5214 3199 5268 Latinis
3246 5228 3353 5266 non
3403 5213 3629 5276 inscite,

2061 5293 2251 5361 audaci
2299 5292 2425 5361 licet
2467 5293 2518 5344 iu
2556 5287 3301 5361 interpretatione__facinorc,
3348 5282 3625 5361 permista.

2061 5360 2131 5418 Ut
2176 5364 2321 5415 enim
2382 5360 2547 5414 Venus
2590 5376 2619 5413 a
2664 5354 2945 5412 venustate
2994 5357 3237 5416 dicatur,
3269 5354 3412 5421 quod
3463 5354 3626 5405 etiam

2060 5432 2223 5487 tradit
2254 5430 2541 5495 Firmicus,
2572 5428 2767 5499 refellit
2796 5442 2923 5499 vero
2950 5427 3176 5491 Cicero;
3213 5422 3498 5499 ’ᾼφροδίτη
3545 5422 3626 5473 al-

2060 5503 2229 5557 terius
2254 5502 2478 5571 originis
2492 5511 2592 5563 est,
2612 5500 2679 5553 ab
2700 5497 2861 5571 ἀφρῷ
2875 5513 3078 5571 spuma,
3097 5503 3164 5571 _u_t
3180 5495 3340 5571 vulgo
3366 5496 3502 5571 senti
3511 5501 3627 5554 unt,

2061 5583 2225 5641 utque
2248 5563 2527 5643 colligitur
2545 5586 2608 5624 ex
2637 5563 2762 5639 cap.
2781 5563 2872 5622 ’2⁷0
2898 5563 3059 5637 hujus
3096 5565 3239 5622 libri.
3271 5563 3625 5643 Macrobius:

2062 5634 2338 5697 Saiurnal.
2370 5634 2404 5696 ἕ
2436 5660 2449 5694 :
2493 5634 2763 5705 Venerem,
2809 5654 2925 5708 qua
2953 5634 2984 5691 ἁ
3007 5652 3194 5708 spuma
3222 5634 3623 5708 undar‘coaluit,

2062 5652 2338 5697 Saturnal.
2370 5652 2403 5696 δ
2436 5660 2449 5694 :
2494 5652 2763 5705 Venerem,
2809 5654 2925 5708 qua:
2953 5654 2984 5691 a
3006 5652 3194 5762 gluma
3222 5652 3379 5688 unua:
3403 5652 3623 5693 coatuu,

2060 5713 2356 5836 :pliigoditc
2386 5728 2571 5767 nomen
2595 5713 2812 5780 accepit.
2850 5708 2978 5764 Vide
3051 5705 3353 5773 lementina,
3384 5704 3530 5760 hom.
3568 5702 3623 5769 6,

2060 5799 2109 5836 C.
2148 5799 2227 5836 ιο.
