4036 6252
443 362 465 419 I
480 364 576 421 139

1319 360 1372 416 S.
1411 360 1805 417 CLEMENTIS
1838 359 1856 415 I
1891 359 2057 416 ROM.
2092 357 2293 415 PONT.
2329 358 2551 414 OPERA
2586 357 2809 416 DUBIA.

3561 358 3696 415 1M0

440 500 569 554 ergo
605 484 767 538 modo
803 499 897 552 per
927 483 1235 553 allegoriam
1265 481 1503 535 Cronum
1541 480 1783 550 quidem,
1816 480 1908 549 qui
1937 485 2021 534 est
2049 482 2096 541 Α
2127 479 2405 543 vorantis,
2463 485 2517 533 et
2564 476 2820 532 occultati
2873 477 3021 547 pueri
3081 489 3179 545 per
3219 472 3585 544 Corybantum
3641 482 3694 529 et

442 572 732 638 Saturnus,
764 582 977 643 tempus
998 589 1141 638 esse,
1174 581 1231 627 ut
1252 571 1510 635 diximus,
1535 571 1775 633 tradunt,
1806 572 2012 626 Rheam

443 664 961 728 materiam,Aiden,
998 663 1050 717 id
1078 677 1159 719 est
1188 662 1410 726 Orcum,
1440 661 1635 716 inferni
1664 660 2015 732 profundum,

440 754 752 825 Neptunum
787 773 1004 826 aquam,
1056 755 1243 811 Jovem
1289 758 1572 819 aetherem,
1612 756 1665 809 id
1703 768 1785 811 est
1817 757 2017 810 caloris

440 847 793 910 elementum,
827 848 1090 903 Venerem
1145 856 1485 903 venustatem
1544 864 1751 913 rerum,
1794 847 2019 917 Cupidi-

441 954 562 993 nem
585 940 1103 1009 concupiscentiam,
1125 955 1242 1009 quae
1270 941 1411 994 inest
1436 941 1599 995 rebus
1620 937 1896 1005 omnibus,
1923 955 2018 1009 per

441 1048 604 1102 quam
662 1034 953 1101 posteritas
1000 1039 1306 1102 reparatur,
1338 1035 1421 1087 vel
1466 1034 1628 1087 etiam
1661 1048 1840 1088 rerum
1876 1031 2017 1086 ratio

442 1138 562 1193 quae
586 1125 861 1193 sapienter
904 1125 1146 1191 inspecta
1181 1122 1435 1177 delectat.
1476 1124 1638 1190 Hera,
1668 1124 1720 1178 id
1743 1132 1826 1179 est
1851 1122 2013 1188 Juno,

444 1232 535 1271 aer
565 1218 665 1272 iste
702 1218 934 1279 medius,
972 1216 1065 1285 qui
1101 1216 1169 1271 de
1199 1218 1341 1270 ccelo
1370 1234 1544 1287 usque
1576 1217 1640 1271 ad
1665 1224 1867 1271 terram
1891 1216 2018 1271 des-

443 1310 647 1377 cendit,
679 1310 920 1380 ponitur.
976 1309 1181 1372 Dianze,
1215 1326 1376 1379 quam
1427 1310 1599 1379 ipsam
1632 1309 2015 1379 Proserpinam

441 1400 662 1465 dicunt,
710 1417 885 1455 aerem
944 1400 1157 1456 inferne
1197 1401 1439 1455 tradunt.
1473 1402 1774 1472 Apollinem
1838 1402 2014 1470 ipsum

441 1494 603 1546 etiam
634 1494 801 1548 solem
836 1492 1044 1553 dicunt,
1077 1494 1507 1547 circumeuntem
1549 1497 1767 1563 polum;
1797 1492 2012 1546 Mercu-

440 1589 579 1641 rium
632 1587 879 1647 verbum,
940 1602 1048 1655 quo
1100 1587 1241 1639 ratio
1286 1587 1353 1640 de
1411 1588 1645 1656 singulis
1703 1587 2014 1656 quibusque

438 1678 731 1744 reddatur;
769 1677 993 1731 Martem
1024 1678 1440 1747 intemperatum
1476 1680 1675 1747 ignem,
1696 1680 1788 1750 qui
1816 1685 2014 1732 cuncta

439 1778 745 1825 consumat.
791 1770 899 1824 Sed
942 1785 1012 1823 ne
1057 1770 1272 1840 singula
1328 1771 1701 1825 enumerando
1755 1773 2011 1828 immore~

437 1877 579 1924 mur,
611 1862 677 1915 ad
733 1862 873 1915 hanc
934 1863 1206 1932 allegoria:
1264 1866 1500 1933 speciem
1551 1865 1617 1919 de
1680 1880 2010 1935 unoquoque

435 1969 625 2008 eorum
672 1969 811 2024 quos
865 1954 1074 2015 colunt,
1111 1954 1168 2007 hi
1201 1956 1399 2023 quibus
1432 1957 1694 2010 secretior
1720 1956 1785 2011 de
1811 1958 2009 2012 talibus

436 2044 577 2099 inest
625 2046 837 2114 peritia,
880 2045 1141 2099 honestas
1178 2046 1280 2099 sibi
1314 2046 1569 2101 videntur
1606 2048 1856 2117 etjustas
1885 2049 2011 2102 red—

435 2138 565 2193 dere
601 2139 864 2193 rationes.

507 2228 722 2285 XXXV.
756 2230 881 2285 Haec
905 2247 1027 2285 cum
1051 2232 1238 2287 Niceta
1271 2233 1519 2297 dixisset,
1551 2235 1747 2306 Aquila
1777 2251 2010 2307 respon-

435 2319 551 2375 dit:
582 2319 747 2375 Valde
779 2323 911 2377 mihi
943 2323 1179 2388 videtur,
1204 2326 1455 2397 quisquis
1494 2329 1584 2383 ille
1609 2337 1692 2383 est
1727 2339 1921 2386 auctor
1958 2341 2012 2385 et

436 2412 686 2469 inventor
733 2416 951 2482 borum,
1014 2420 1215 2489 impius
1272 2423 1570 2487 exstitisse,
1627 2426 1674 2479 si
1726 2426 1840 2480 haec
1892 2442 2012 2496 quze

437 2515 590 2576 grata
617 2515 669 2562 et
698 2509 923 2567 honesta
947 2514 1206 2568 videntur
1229 2518 1539 2583 abscondit,
1575 2528 1629 2572 et
1666 2522 2013 2591 superstitio-

438 2601 523 2653 nis
553 2616 664 2657 suae
691 2604 855 2659 ritum
894 2606 947 2661 in
984 2608 1335 2665 dedccorosis
1364 2620 1417 2665 et
1440 2612 1690 2682 turpibus
1715 2615 2011 2668 observan-

437 2693 530 2748 tiis
586 2696 895 2761 collocavit,
953 2714 1076 2754 cum
1134 2717 1196 2756 ea
1239 2719 1360 2772 quae.
1411 2704 1713 2758 secundum
1769 2706 2010 2759 litteram

438 2786 641 2856 scripta
673 2796 820 2855 sunt,
850 2792 1140 2847 manifeste
1176 2795 1462 2850 inhonesta
1494 2797 1604 2851 sint
1634 2811 1687 2851 et
1725 2800 1926 2868 turpia,
1957 2805 2012 2853 et

436 2883 546 2930 tota
586 2879 865 2947 religionis
904 2898 1093 2936 eorum
1127 2886 1479 2941 observantia
1510 2889 1563 2942 in
1604 2889 1742 2959 ipsrs
1776 2897 2009 2956 constet,

438 2977 497 3023 ut
535 2987 631 3041 per
677 2972 994 3041 hujusmodi
1036 2981 1244 3034 scelera
1273 2991 1325 3035 et
1355 2982 1661 3052 impietates
1704 2984 1837 3039 deos
1880 3001 2010 3040 suos

436 3076 573 3131 quos
610 3066 818 3133 colunt,
854 3064 1086 3126 doceant
1130 3073 1356 3130 imitari.
1398 3075 1532 3131 Nam
1568 3077 1623 3131 in
1658 3077 1780 3134 istis
1811 3079 2011 3150 allego-

2119 572 2362 641 eymbala
2414 580 2468 625 et
2530 580 2916 641 tympanorum
2991 570 3241 631 sonitus,
3316 565 3697 636 exprimuntur

2120 661 2405 732 imagines.
2440 662 2512 716 De
2560 664 2869 717 abscisione
2910 677 3039 715 vero
3083 658 3339 720 Saturni.
3373 674 3494 727 quas
3520 658 3696 727 major

2117 754 2219 808 erit
2267 756 2517 825 probatio
2565 756 2832 819 veritatis,
2864 770 3026 825 quam
3082 761 3141 807 ut
3189 753 3245 807 in
3296 757 3558 806 honorem
3608 752 3692 807 dei

2120 847 2226 910 sui,
2259 848 2425 902 simili
2485 847 2822 903 infelicitatis
2881 854 3027 903 sorte
3086 845 3475 901 abscindantur
3527 844 3695 898 etiam

2117 938 2395 993 cultores?
2423 938 2559 992 Cum
2589 954 2719 1010 ergo
2757 940 2869 993 hare
2903 939 3190 992 manifeste
3221 944 3535 999 cernantur,
3567 936 3694 1006 quis

2118 1038 2229 1083 tam
2284 1030 2464 1101 exigui
2509 1046 2724 1096 sensus,
2758 1032 2868 1085 imo
2899 1039 3007 1084 tam
3042 1029 3226 1085 stolidi
3250 1028 3575 1090 invenietur,
3602 1029 3691 1083 cui

2118 1137 2226 1177 non
2258 1123 2436 1193 palam
2468 1125 2560 1188 sit,
2600 1124 2715 1178 haec
2746 1124 2919 1195 magis
2962 1138 3090 1179 vera
3132 1138 3255 1179 esse
3284 1121 3352 1176 tle
3381 1120 3695 1177 infelicibus

2117 1215 2242 1278 diis,
2278 1232 2398 1286 qua:
2428 1217 2758 1273 infeliciores
2788 1218 3026 1273 cultores
3050 1217 3213 1272 etiam
3237 1229 3529 1285 corporum
3556 1228 3688 1269 suo-

2119 1325 2236 1362 rum
2272 1312 2598 1366 vulneribus
2630 1322 2684 1367 et
2712 1312 3026 1367 abscisione
3047 1310 3353 1365 testantur?

2188 1402 2472 1459 XXXVIII.
2503 1405 2654 1470 Quod
2690 1405 2756 1471 si,
2779 1408 2858 1459 'ut
2887 1405 3095 1463 dicunt.
3127 1403 3243 1456 haec
3272 1402 3347 1455 ita
3382 1401 3608 1455 honeste
3635 1408 3692 1455 et

2117 1496 2202 1565 pie
2240 1504 2390 1566 gesta
2428 1505 2535 1550 tam
2571 1498 2859 1552 inhonesto
2888 1497 2992 1551 ritu
3023 1496 3403 1551 ministrentur
3424 1502 3478 1549 et
3501 1493 3687 1562 impio,

2118 1588 2417 1659 sacrilegus
2458 1588 2701 1657 profecto
2754 1596 2860 1653 est,
2894 1588 3144 1658 quisquis
3187 1586 3277 1641 ille
3305 1586 3389 1641 vel
3419 1601 3483 1640 ex
3536 1584 3691 1639 initio

2119 1678 2234 1733 haec
2288 1680 2531 1744 tradidit,
2570 1681 2653 1735 vel
2699 1695 2847 1734 nunc
2900 1681 3042 1734 male
3091 1680 3287 1734 tradita
3317 1678 3561 1749 persistit
3586 1678 3690 1731 im-

2116 1772 2282 1839 plere.
2320 1771 2459 1838 Quid
2516 1782 2695 1827 autem
2727 1781 2779 1827 et
2819 1772 2887 1828 de
2933 1772 3088 1828 libris
3116 1772 3351 1827 dicimus
3377 1768 3701 1841 poetarum?

2112 1865 2302 1920 Nonne
2353 1874 2671 1936 oportuerat
2728 1882 2842 1930 eos,
2878 1866 2923 1920 si
2987 1866 3215 1919 honesta
3255 1872 3309 1919 et
3350 1862 3438 1933 pia
3462 1862 3731 1945 deoruuu

2114 1970 2262 2030 gesta
2311 1960 2564 2030 turpibus
2619 1959 2817 2014 fabulis
2857 1958 3211 2021 infamarunt,
3242 1954 3405 2026 abjiei
3441 1955 3698 2025 protinus
3744 1986 3749 2009 ι

2115 2061 2275 2123 atque
2306 2054 2361 2108 in
2386 2054 2563 2124 ignem
2594 2054 2731 2117 dari,
2764 2068 2831 2107 ne
2859 2052 3249 2122 persuaderent
3290 2060 3486 2104 tenerae
3516 2047 3697 2103 adhuc

2112 2146 2254 2201 aetati
2305 2162 2596 2218 puerorum
2623 2187 2636 2209 ,
2664 2146 2850 2201 Jovem
2890 2146 3065 2215 ipsum
3100 2142 3324 2198 deorum
3367 2142 3692 2213 principem,

2113 2240 2441 2310 parricidam
2485 2256 2612 2309 erga
2667 2246 2938 2309 parentes,
2985 2239 3255 2291 incestum
3296 2252 3424 2307 erga
3471 2250 3699 2291 sorores

2113 2341 2166 2387 et
2195 2331 2352 2397 filias,
2383 2332 2654 2404 impurum
2676 2332 2837 2385 etiam
2870 2331 2922 2385 in
2957 2346 3153 2399 pueros
3181 2329 3457 2384 exstitisse
3480 2368 3494 2391 ,
3519 2326 3696 2383 Vene-

2112 2443 2227 2481 rem
2279 2440 2403 2479 cum
2460 2424 2629 2479 Marte
2678 2424 2977 2485 adulteros,
3007 2431 3061 2477 et
3091 2422 3270 2475 omnia
3304 2422 3394 2475 illa
3426 2437 3547 2492 qua:
3572 2422 3687 2492 jam

2113 2521 2367 2592 superius
2393 2521 2540 2576 dicta
2579 2518 2742 2575 sunt?
2763 2519 2864 2571 Aut
2910 2516 3039 2587 quid
3074 2516 3169 2570 tibi
3197 2515 3444 2581 videtur,
3474 2515 3694 2569 domine

2116 2617 2185 2669 Ini
2211 2614 2405 2669 Putre?

2186 2706 2427 2761 XXXIX.
2452 2704 2605 2760 Tunc
2635 2706 2724 2760 ille
2752 2704 3029 2775 respondit
3054 2724 3064 2758 ;
3090 2703 3285 2759 Certus
3313 2711 3453 2767 esto,
3483 2702 3688 2757 dulcis-

2114 2800 2252 2854 sime
2292 2800 2509 2869 Aquila,
2540 2800 2667 2868 quia
2716 2798 2897 2852 omnia
2924 2812 3020 2867 per
3043 2797 3237 2850 bonam
3269 2795 3365 2851 Dei
3398 2794 3687 2866 providen—

2113 2890 2246 2944 tiam
2295 2900 2445 2961 gesta
2493 2898 2641 2955 sunt,
2684 2897 2743 2944 ut
2774 2906 2881 2943 non
2914 2890 3091 2945 solum
3127 2889 3341 2943 infirma
3370 2896 3425 2943 et
3460 2888 3687 2959 fragilis,

2114 3000 2299 3039 varum
2345 2994 2397 3038 et
2444 2985 2618 3053 turpis
2651 2991 2796 3040 esset
2829 2998 2995 3039 causa
3033 2998 3153 3052 qua:
3186 2981 3369 3035 futura
3403 2990 3520 3036 erat
3558 2996 3691 3035 con-

2114 3079 2280 3131 traria
2334 3077 2569 3132 veritati.
2625 3076 2682 3131 Si
2746 3077 2891 3131 enim
2948 3076 3178 3130 validior
3225 3082 3281 3131 et
3336 3075 3693 3130 verisimilior

437 3154 536 3209 riis
578 3172 697 3226 quze
736 3161 816 3215 eis
859 3162 1068 3218 utilitas
1112 3167 1253 3220 erit?
1292 3184 1412 3237 qua:
1463 3169 1711 3239 quamvis
1768 3169 2010 3225 honestae
2036 3172 2078 3228 C
2116 3168 2307 3222 fuisset
2357 3168 2562 3224 erroris
2614 3168 2869 3231 assertio,
2902 3168 3046 3222 haud
3090 3167 3247 3222 facile
3273 3166 3565 3238 quisquam
3595 3166 3692 3237 qui

436 3244 730 3317 ﬁnguntur,
776 3253 960 3308 nullus
996 3262 1174 3309 tamen
1204 3274 1270 3310 ex
1302 3259 1381 3312 eis
1412 3268 1508 3312 aut
1541 3276 1674 3315 usus
1702 3262 1767 3315 ad
1794 3262 2003 3316 cultum

434 3342 682 3407 pervenit
725 3351 817 3396 aut
848 3345 913 3396 ad
946 3361 1126 3401 mores
1153 3349 1465 3405 emendatio

503 3428 742 3489 XXXVI.
795 3434 950 3490 Unde
1003 3440 1181 3509 magis
1230 3450 1463 3508 constat,
1524 3447 1668 3515 quod
1713 3448 2006 3519 prudentes

432 3519 537 3573 viri
561 3538 686 3576 cum
720 3526 962 3581 viderent
990 3546 1337 3588 communem
1387 3539 1829 3606 superstitionem
1896 3551 2005 3597 tam

436 3617 755 3686 probrosam
786 3638 930 3687 esse,
956 3631 1064 3679 tam
1091 3633 1327 3697 turpem,
1362 3648 1462 3687 nec
1490 3642 1672 3689 tamen
1702 3638 2007 3708 corrigendi

434 3708 655 3763 modum
691 3713 925 3784 aliquem
986 3719 1071 3772 vel
1116 3721 1398 3775 scientiam
1443 3723 1782 3792 didicissent,
1807 3731 2008 3799 quibus

434 3807 738 3869 potuerunt
782 3811 1119 3875 argumentis
1154 3821 1208 3865 et
1241 3813 1780 3884 interpretationibus
1827 3825 2006 3877 conati

434 3897 563 3981 sunt
587 3907 673 3947 res
702 3894 1017 3953 inhonestas
1043 3901 1272 3956 honesto
1298 3920 1551 3963 sermone
1578 3910 1779 3975 velare,
1802 3920 2005 3981 etnon,

435 3986 494 4032 ut
535 3980 746 4043 dicunt.
778 3985 1040 4043 honestas
1076 3994 1317 4049 rationes
1354 3996 1658 4055 inhonestis
1686 3999 1885 4058 fabulis
1916 4019 2009 4058 oc-

433 4071 672 4165 cultare;
723 4077 867 4146 quod
918 4080 964 4134 si
1020 4092 1185 4148 esset,
1232 4103 1509 4158 nunquam
1557 4093 1739 4163 utique
1770 4094 1886 4165 ipsa
1916 4113 2004 4151 co-

433 4172 553 4213 rum
582 4164 875 4220 simulacra
911 4179 1072 4239 atque
1114 4174 1243 4242 ipsae
1271 4176 1336 4231 de
1374 4180 1452 4235 eis
1484 4181 1708 4249 picturte
1734 4164 1858 4239 cum
1893 4189 2008 4245 suis

430 4249 577 4347 vitiis
610 4262 663 4307 et
694 4257 1017 4315 criminibus
1052 4262 1437 4324 formarentur.
1467 4270 1585 4327 Non
1617 4290 1823 4347 cycnus
1854 4281 2008 4334 adul-

431 4347 514 4396 ter
554 4342 732 4410 Ledm,
793 4365 893 4403 nec
937 4359 1127 4411 taurus
1171 4358 1502 4418 formaretur
1550 4342 1799 4439 Europae,
1846 4380 1901 4427 et
1952 4375 2007 4428 iu

432 4436 579 4491 mille
634 4450 877 4495 monstra
929 4460 1077 4511 eum,
1106 4465 1266 4519 quem
1297 4462 1489 4522 putant
1538 4436 1812 4515 meliorem
1838 4466 2010 4519 omni-

429 4524 554 4624 bus,
590 4540 881 4587 verterent.
916 4534 1070 4601 Quod
1121 4542 1306 4612 utique
1336 4546 1382 4599 si
1422 4551 1602 4618 magni
1640 4560 1693 4606 et
1729 4554 2002 4624 sapientes

432 4622 524 4690 qui
569 4634 696 4678 sunt
742 4628 882 4696 apud
929 4646 1023 4686 eos
1080 4634 1203 4699 viri,
1238 4637 1419 4693 fictum
1471 4644 1674 4698 scirent
1707 4622 1851 4712 esse,
1891 4668 2000 4706 non

429 4726 839 4810 verum_,nonne
867 4721 1165 4793 impietatis
1196 4742 1485 4799 arguerent
1506 4743 1559 4789 et
1587 4739 1858 4810 sacrilegii
1881 4758 1998 4810 eos,

429 4805 521 4874 qui
566 4808 631 4861 ad
692 4811 947 4880 injuriam
1000 4817 1227 4874 deorum
1260 4823 1569 4892 hujusmodi
1602 4840 1694 4885 aut
1733 4805 1999 4902 picturam

428 4910 694 5000 ponerent
726 4913 818 5000 aut
847 4908 1163 5000 sculperent
1192 4917 1526 4975 simulacra?
1548 4923 1788 4995 Denique
1818 4944 1998 5000 regem

430 4994 691 5089 temporis
719 4998 802 5051 sui
826 4997 1124 5074 depingant
1151 5007 1205 5061 in
1238 5009 1393 5066 bovis
1424 5010 1619 5079 forma,
1648 4994 1733 5073 vel
1763 4994 1997 5089 anseris,

428 5084 512 5139 vel
540 5083 800 5153 formica,
836 5096 917 5149 vel
942 5099 1197 5164 vulturis,
1216 5109 1271 5156 et
1295 5106 1536 5162 scribant
1560 5125 1723 5179 super
1745 5114 1888 5183 regis
1914 5083 1999 5171 sui

425 5192 648 5276 nomen,
668 5189 832 5253 atque
850 5186 1162 5256 hujusmodi
1192 5195 1275 5248 vel
1306 5202 1543 5253 statuam
1589 5203 1673 5257 vel
1704 5204 1997 5276 imaginem

422 5270 724 5338 collocent;
758 5287 811 5332 et
878 5281 1136 5351 iujuriam
1178 5284 1303 5343 facti
1358 5291 1595 5347 sentient
1646 5303 1702 5350 et
1745 5270 2000 5354 vindictae

426 5364 882 5432 magnitudinem.

497 5454 760 5516 XXXVII.
793 5463 899 5520 Sed
950 5472 1210 5538 quoniam
1265 5490 1391 5530 vera
1451 5478 1566 5534 haec
1616 5484 1792 5555 magis
1848 5494 1995 5551 sunt,

427 5564 548 5621 quae
577 5555 789 5622 publica
822 5565 1103 5634 turpitudo
1133 5578 1383 5640 testatur,
1404 5584 1457 5629 et
1492 5578 1559 5632 ad
1591 5581 1997 5637 excusationem

429 5658 459 5696 a
514 5647 647 5703 viris
694 5654 1054 5720 prudentibus
1103 5667 1449 5723 sermonibus
1480 5669 1727 5728 honestis
1772 5676 1997 5744 qutrsita

427 5746 557 5792 sunt
582 5749 635 5795 et
655 5748 980 5805 concinnata
998 5754 1289 5821 velamina,
1309 5758 1513 5815 ideirco
1545 5778 1652 5817 non
1684 5766 1858 5820 solum
1890 5783 1996 5821 nou

430 5836 807 5909 prohibentur,
830 5844 921 5898 sed
941 5854 993 5898 et
1028 5846 1157 5914 ipsis
1193 5854 1465 5919 mysteriis
1489 5854 1708 5914 Saturni
1740 5860 1878 5915 ﬁlios
1907 5861 1999 5917 de-

2110 3262 2165 3314 in
2212 3275 2277 3315 eo
2330 3261 2589 3331 deceptus
2650 3268 2819 3325 esset,
2860 3260 2927 3315 ad
2977 3260 3079 3315 iter
3100 3260 3346 3315 veritatis
3377 3260 3597 3315 rediret.
3631 3258 3689 3315 Si

2106 3353 2253 3407 enim
2300 3367 2613 3413 nunc,cum
2659 3360 2770 3405 tam
2820 3353 2988 3406 multa
3019 3353 3217 3423 probra
3243 3360 3298 3407 et
3327 3353 3593 3408 dedecora
3622 3354 3689 3410 de

2109 3445 2214 3499 diis
2256 3445 2496 3514 gentium
2537 3444 2908 3515 proferuntur,
2941 3446 3031 3500 vix
3062 3445 3259 3515 aliquis
3290 3453 3501 3514 turpem
3531 3445 3687 3501 dere-

2111 3537 2309 3602 linquit
2340 3552 2602 3599 errorem,
2638 3546 2845 3607 quanto
2884 3539 3056 3607 magis
3104 3538 3151 3592 si
3182 3544 3327 3592 esset
3373 3536 3447 3591 ibi
3480 3537 3688 3617 aliquid

2109 3631 2397 3686 honestum
2447 3638 2501 3685 et
2536 3631 2866 3685 verisimile?
2900 3630 3194 3684 Dilliculter
3230 3645 3465 3701 namque
3501 3640 3675 3687 trans-

2111 3722 2283 3777 fertur
2316 3723 2533 3778 animus
2586 3723 2655 3776 ab
2710 3723 2815 3788 his,
2876 3727 2931 3777 in
2980 3723 3181 3794 quibus
3222 3739 3253 3777 a
3302 3723 3475 3792 prima
3526 3732 3687 3777 atate

2110 3825 2415 3886 praeventus
2434 3825 2549 3882 est;
2583 3824 2635 3870 et
2672 3816 2740 3869 ob
2780 3817 2904 3881 hoc,
2937 3826 2994 3870 ut
3024 3816 3157 3878 dixi,
3187 3816 3370 3870 divina
3388 3814 3685 3870 Providen-

2108 3908 2183 3960 tia
2211 3907 2410 3961 facturri
2445 3916 2528 3961 est
2554 3913 2611 3959 ut
2641 3907 2843 3960 erroris
2873 3904 3178 3960 substantia
3208 3912 3263 3957 et
3295 3903 3509 3957 infirma
3539 3914 3684 3958 esset

2109 4008 2163 4053 ct
2193 3999 2389 4070 turpis.
2436 3997 2541 4052 Sed
2570 4006 2624 4052 et
2654 4010 2844 4053 caetera
2875 4000 3053 4051 omnia
3081 3996 3244 4051 simili
3272 3996 3431 4050 modo
3461 4011 3680 4066 compe-

2111 4101 2288 4148 tenter
2333 4100 2387 4145 (ιι
2436 4093 2720 4148 commode
2754 4092 3035 4161 dispensat
3085 4090 3271 4144 divina
3309 4087 3677 4152 Providentia,

2113 4181 2239 4235 licet
2269 4182 2427 4236 nobis
2460 4180 2840 4251 ignorantibus
2878 4195 3059 4235 rerum
3102 4194 3301 4234 causas
3327 4180 3483 4233 bonae
3508 4186 3563 4233 et
3584 4196 3679 4249 op-

2111 4275 2254 4328 timae
2286 4275 2715 4343 dispensationis
2747 4274 2944 4329 divinae
2973 4290 3081 4327 non
3116 4274 3317 4343 liqueat
3345 4274 3505 4327 ratio.

2180 4365 2291 4421 XL.
2337 4367 2471 4419 Cum
2526 4367 2640 4420 haec
2702 4365 2895 4421 Petrus
2951 4365 3198 4430 dixisset,
3267 4381 3367 4435 ego
3428 4365 3676 4422 Clemens

2110 4459 2348 4515 Nicetam
2379 4460 2658 4532 rogabam,
2697 4471 2754 4514 ut
2787 4460 2963 4530 aliqua
2994 4460 3061 4513 de
3091 4460 3363 4528 allegoriis
3397 4459 3675 4530 gentilium

2109 4570 2249 4625 quas
2281 4555 2564 4626 diligenter
2586 4555 2859 4625 attigerat,
2894 4553 3223 4625 agnoscendi
3246 4554 3419 4624 gratia
3443 4569 3673 4624 expone.

2103 4656 2215 4714 ret;
2246 4649 2378 4703 utile
2412 4649 2556 4703 enim
2586 4655 2691 4713 est,
2722 4656 2781 4701 ut
2807 4647 3023 4717 quando
3039 4660 3163 4700 cum
3183 4645 3679 4716 gentilibusdispu-

2104 4748 2305 4807 tamus,
2338 4741 2501 4797 etiam
2543 4742 2646 4795 ista
2694 4756 2794 4795 nos
2828 4739 3053 4794 minime
3082 4740 3305 4792 lateant.
3342 4736 3406 4790 Et
3435 4737 3623 4792 Niceta
3658 4757 3671 4793 :

2105 4834 2183 4897 Si,
2220 4836 2419 4905 inquit,
2454 4834 2715 4905 permittit
2746 4833 2999 4887 dominus
3026 4847 3177 4887 meus
3207 4830 3419 4893 Petrus.
3450 4846 3672 4901 possum

2101 4930 2304 4985 dicere.
2340 4928 2476 4982 Tum
2516 4928 2711 4982 Petrus
2743 4946 2757 4982 :
2790 4925 2994 4994 Hodie,
3016 4925 3238 4994 linquit,
3262 4927 3486 4995 permisi
3520 4925 3674 4980 vobis

2102 5020 2284 5075 dicere
2317 5020 2605 5076 adversum
2630 5021 2882 5091 gentiles,
2916 5028 2974 5073 ut
3004 5020 3197 5073 nostis.
3231 5017 3297 5071 Et
3331 5017 3518 5072 Niecta
3549 5019 3624 5072 ait
3655 5036 3670 5074 ε

2102 5112 2197 5167 Dic
2224 5128 2373 5181 ergo,
2400 5113 2673 5177 Clemens,
2707 5112 2773 5168 de
2818 5113 3016 5182 quibus
3043 5108 3233 5163 audire
3259 5108 3413 5165 velis.
3444 5108 3545 5163 Cui
3573 5124 3674 5180 ego
3766 5116 3771 5137 ’

2103 5206 2189 5260 aio
2223 5220 2234 5254 :
2275 5204 2559 5269 Quomodo
2604 5203 2827 5257 tradunt
2866 5203 2935 5257 de
2974 5202 3199 5255 deorum
3228 5215 3384 5254 cmna
3418 5199 3672 5270 gentiles.

2101 5313 2262 5369 quam
2298 5298 2350 5351 in
2381 5295 2526 5351 Pelei
2561 5297 2767 5367 nuptiis
2800 5296 3107 5350 habuerunt
3134 5302 3187 5349 et
3216 5292 3484 5357 Thetidis,
3509 5309 3669 5363 quem

2101 5392 2293 5446 dicunt
2321 5409 2443 5449 esse
2476 5392 2721 5448 Paridem
2752 5400 3051 5461 pastorem,
3076 5400 3131 5445 et
3160 5405 3295 5460 quas
3333 5397 3546 5460 ponunt
3568 5387 3670 5444 Ju-

2101 5500 2320 5549 nonem,
2376 5483 2671 5538 Minervam
2727 5492 2781 5537 et
2837 5480 3125 5548 Venerem,
3169 5494 3289 5551 quae
3345 5480 3491 5550 apud
3544 5494 3668 5535 eum

2096 5582 2432 5651 judicantur,
2456 5596 2685 5652 quemve
2707 5578 3052 5644 Mercurium,
3086 5577 3171 5632 vel
3192 5574 3334 5645 quod
3369 5574 3594 5638 malum,
3616 5580 3667 5626 et

2101 5683 2291 5727 cetera
2341 5689 2462 5743 quae
2522 5688 2617 5743 per
2676 5671 2921 5725 ordinem
2980 5675 3414 5738 consequuntur,
3470 5680 3667 5719 enarra

2102 5768 2279 5824 nobis.

2183 5858 2313 5913 XLI.
2350 5858 2485 5916 Tum
2537 5859 2722 5915 Niceta
2780 5880 2789 5914 :
2834 5858 3016 5916 Canae
3063 5855 3285 5910 deorum
3342 5866 3509 5907 causa
3565 5849 3668 5905 hoc
