4022 6274
904 190 957 229 τί,

340 312 476 368 uti

1581 306 2149 364 RECOGNITIONUM
2185 307 2321 363 LIB.
2368 304 2432 363 Χ.

3468 311 3491 366 ί
3502 308 3607 365 ﬂ!

337 423 499 478 modo
535 437 597 477 ss
851 417 1177 475 Convivium
1218 416 1483 472 mundum
1516 416 1762 482 tradunt,
1795 417 1913 472 dis-
1946 426 1989 480 Α
2019 416 2097 471 tia
2142 417 2345 488 attigit,
2387 415 2455 471 ad
2485 418 2849 473 assertionem
2888 419 3001 473 veri
3047 421 3319 490 dogmatis
3340 423 3607 487 conferat.

334 512 628 570 eumhendi
674 511 921 566 ordinem
951 509 1180 564 deorum
1235 508 1517 564 stellarum
1552 509 1915 579 positionem;

337 620 476 675 quos
508 602 778 660 Hesiodus
807 601 933 656 caeli
963 608 1016 656 et
1054 610 1211 656 terra:
1242 599 1449 669 primos
1480 598 1621 655 ﬁlios
1651 600 1916 667 nominat,

338 697 394 751 in
449 696 649 767 quibus
691 710 786 750 sex
833 708 1014 750 mares
1055 700 1110 750 et
1153 709 1249 748 sex
1275 691 1511 749 feminas
1531 695 1599 749 ad
1627 694 1919 748 duodecim

339 785 615 856 signorum
645 798 931 838 numerum
982 782 1248 847 referunt,
1280 800 1401 854 qua:
1443 785 1760 840 universum
1812 784 1920 839 cir-

340 884 597 933 cumeunt
643 876 928 931 mundum.
964 874 1139 945 Dapes
1170 883 1350 930 autem
1398 877 1633 931 convivii
1677 878 1920 933 rationes

338 981 461 1021 esse
506 974 559 1019 et
592 979 790 1019 causas
834 979 1019 1018 rerum
1071 966 1296 1019 tradunt
1326 966 1517 1022 dulces
1550 975 1604 1021 et
1627 970 1921 1039 concupis-

341 1057 552 1119 cibiles.
605 1071 726 1126 quae
783 1056 1020 1125 qualiter
1071 1064 1295 1125 regatur
1337 1067 1390 1110 et
1446 1058 1783 1124 gubernetur
1831 1059 1921 1113 hic

340 1148 597 1210 mundus,
627 1161 695 1200 ex
736 1146 1018 1216 signorum
1059 1145 1328 1214 positione
1357 1155 1411 1201 et
1432 1155 1707 1201 astrorum
1740 1150 1921 1205 cursi-

340 1240 443 1295 bus
460 1240 807 1308 colliguntur.
834 1238 917 1292 Ad
950 1237 1217 1292 libertatis
1235 1245 1415 1292 tamen
1442 1240 1675 1293 convivii
1699 1241 1919 1297 modum

334 1331 531 1385 dicunt
561 1330 666 1385 ista
689 1337 967 1389 constare,
988 1342 1088 1396 pro
1115 1343 1180 1383 eo
1202 1328 1348 1396 quod
1379 1336 1702 1397 potestatem
1725 1330 1921 1385 habeat

345 1422 774 1490 uniuscujusque
804 1436 1020 1483 sensus,
1055 1420 1100 1473 si
1137 1420 1265 1473 velit
1290 1420 1583 1489 degustare
1614 1422 1821 1491 aliquid
1851 1435 1919 1477 ex

344 1514 660 1584 hujusmodi
689 1514 922 1567 scientia
954 1518 1049 1566 aut
1078 1511 1126 1566 si
1149 1511 1315 1577 nolit;
1339 1519 1393 1566 et
1418 1513 1563 1567 sicut
1594 1513 1649 1566 in
1670 1513 1921 1567 convivio

266 1592 269 1593 ν
345 1621 506 1661 nemo
556 1606 794 1675 cogitur,
825 1604 921 1660 sed
970 1603 1226 1659 vescendi
1262 1604 1485 1660 libertas
1524 1620 1689 1673 penes
1721 1621 1919 1659 unum-

347 1712 615 1768 quemque
638 1706 742 1760 est,
778 1697 854 1751 ita
882 1703 936 1750 et
961 1696 1380 1767 philosophandi
1434 1697 1576 1750 ratio
1622 1698 1821 1767 pendet
1861 1698 1919 1752 in

345 1765 642 1845 voluntatis
712 1765 970 1844 arbitrio.
1016 1765 1354 1844 Discordiam
1419 1765 1921 1860 concupiscentiam
1954 1765 1994 1822 Β

344 1879 530 1936 carnis
584 1880 794 1953 dicunt,
828 1897 947 1951 qua:
988 1881 1223 1951 insurgit
1264 1882 1550 1937 adversum
1588 1883 1927 1953 propositum

348 1973 545 2024 mentis
597 1977 650 2023 et
706 1970 1128 2042 phil050phandi
1188 1970 1415 2041 impedit
1465 1973 1746 2039 studium;
1805 1972 1927 2027 ideo

346 2059 578 2129 denique
609 2066 661 2114 et
708 2068 922 2129 tempus
954 2061 1087 2115 illud
1113 2075 1235 2115 esse
1267 2060 1442 2123 aiunt,
1482 2063 1535 2115 in
1570 2076 1681 2131 quo
1712 2063 1779 2116 de
1825 2078 1928 2116 nu-

348 2152 479 2222 ptiis
531 2152 726 2223 agitur.
777 2150 995 2207 Peleum
1050 2168 1180 2207 vero
1210 2160 1264 2207 et
1294 2150 1576 2208 Thetidem
1608 2154 1925 2224 nympham,

350 2241 566 2295 aridum
596 2250 649 2295 et
677 2241 958 2296 humidum
983 2251 1188 2312 ponunt
1219 2244 1568 2307 elementum,
1598 2261 1665 2300 ex
1697 2261 1928 2313 quorum

352 2330 676 2388 admistione
736 2334 1045 2388 substantia
1100 2349 1390 2405 corporum
1450 2343 1685 2390 constat.
1713 2335 1930 2392 Mercu-

352 2422 493 2478 rium
541 2424 767 2478 verbum
818 2438 944 2480 esse
981 2426 1243 2491 tradunt,
1274 2442 1369 2496 per
1399 2427 1543 2497 quod
1578 2429 1765 2483 sensui
1799 2429 1930 2482 doc-

350 2515 496 2569 trina
553 2513 853 2578 confertur,
904 2514 1169 2571 Junonem
1221 2516 1576 2587 pudicitiam,
1630 2518 1929 2573 Minervam

356 2608 727 2665 {ortitudinem
753 2649 768 2673 ,
823 2609 1089 2664 Venerem
1122 2610 1400 2665 libidinem
1442 2609 1651 2674 dicunt,
1675 2609 1930 2665 Paridem

354 2716 596 2757 sensum.
632 2699 689 2754 Si
724 2715 875 2771 ergo,
908 2701 1082 2765 aiunt,
1116 2700 1329 2753 accidat
1377 2699 1433 2753 in
1476 2700 1695 2758 homine
1735 2701 1931 2754 barba-

356 2807 478 2845 rum
507 2807 629 2848 esse
656 2800 709 2847 et
734 2790 1316 2863 imperitum'sensum,
1341 2800 1395 2846 et
1426 2799 1634 2845 rectum
1660 2792 1929 2861 judicium

356 2884 708 2946 nescientem,
733 2892 913 2952 spreta
944 2884 1203 2953 pudicitia
1234 2890 1288 2938 et
1318 2883 1538 2946 virtute,
1572 2884 1785 2938 libidini
1814 2886 1930 2955 pal-

360 2990 528 3037 mam,
559 2975 700 3044 quod
734 2983 817 3028 est
846 2976 1070 3039 malum,
1104 2974 1274 3039 dabit,
1311 2990 1404 3044 per
1429 2974 1574 3045 quod
1610 2990 1721 3029 non
1753 2976 1928 3029 solum

359 3067 487 3135 sibi,
512 3068 605 3122 sed
636 3074 689 3121 et
724 3066 937 3121 civibus
966 3074 1017 3121 et
1052 3067 1320 3121 universa:
1350 3069 1497 3137 genti
1546 3068 1832 3124 subversio
1873 3076 1927 3123 et

359 3160 626 3231 pernicies
664 3158 856 3213 aderit.
885 3157 1009 3211 llaec
1038 3172 1165 3227 ergo
1204 3160 1329 3214 licet
1362 3160 1468 3214 illis
1500 3175 1825 3230 componere
1861 3177 1926 3217 ex

358 3253 604 3325 qualibet
632 3251 859 3307 materia
900 3251 1077 3306 visum
1102 3251 1192 3315 sit,
1228 3258 1406 3305 tamen
1431 3254 1605 3323 aptari
1629 3254 1695 3307 ad
1721 3270 1935 3309 omnem

360 3347 629 3402 hominem
645 3343 1030 3415 possunt,quia
1051 3344 1093 3399 si
1107 3344 1229 3413 quis
1249 3345 1574 3412 pastoralem
1592 3354 1644 3398 et
1663 3346 1930 3400 rusticum

362 3446 522 3506 atque
538 3434 845 3504 imperitum
871 3433 1063 3487 habeat
1084 3447 1304 3487 sensum
1324 3446 1425 3486 nec
1446 3432 1818 3497 veliterudiri,
1842 3436 1934 3489 ubi

360 3527 606 3596 corporis
653 3526 802 3580 calor
834 3524 901 3579 de
947 3523 1185 3577 libidinis
1246 3523 1512 3578 suavitate
1572 3526 1925 3594 suggesserit,

362 3619 648 3679 continuo,
691 3617 890 3686 spretis
919 3616 1221 3671 studiorum
1273 3616 1567 3673 virtutibus
1597 3628 1651 3671 et
1697 3618 1937 3673 scientiae

364 3711 543 3773 bonis,
572 3709 641 3763 ad
683 3706 988 3776 voluptates
1031 3708 1277 3778 corporis
1320 3708 1561 3761 animum
1605 3707 1836 3764 confert.
1870 3707 1935 3761 Et

366 3802 494 3856 hinc
539 3807 624 3855 est
658 3798 802 3854 unde
855 3799 1123 3869 impacata
1184 3799 1324 3854 bella
1384 3808 1737 3867 consurgunt,
1774 3798 1933 3852 urbes

367 3899 554 3956 ruunt,
586 3892 772 3961 patria:
816 3890 1137 3957 concidunt,
1171 3889 1314 3945 sicut
1341 3898 1394 3943 et
1422 3887 1600 3949 Paris,
1632 3898 1782 3958 rapta
1830 3887 1933 3943 Ile-

367 3985 523 4049 lena,
576 3982 643 4037 ad
692 3992 940 4037 mutuum
990 3981 1209 4037 Grmcos
1264 3990 1319 4037 et
1374 3982 1634 4036 barbaros
1702 3982 1932 4035 armavit

364 4076 614 4130 exitium.

435 4164 592 4223 XLII.
636 4165 701 4221 Et
718 4165 937 4230 Petrus,
957 4166 1276 4221 collaudans
1325 4165 1757 4237 prosecutionem
1789 4166 1927 4233 ejus,

367 4256 479 4312 ait:
511 4257 727 4323 Multas,
761 4266 818 4313 ut
848 4260 1026 4324 video,
1048 4260 1314 4332 ingeniosi
1340 4258 1588 4314 homines
1612 4274 1678 4313 ex
1704 4259 1788 4313 his
1812 4274 1931 4328 quae

366 4350 551 4422 legunt
590 4351 1093 4408 verisimilitudines
1144 4355 1388 4423 capiunt,
1417 4361 1470 4406 et
1490 4352 1615 4406 ideo
1640 4350 1927 4420 diligenter

364 4442 766 4500 observandum
807 4451 911 4507 est,
943 4452 1001 4497 ut
1051 4445 1137 4499 lex
1161 4443 1256 4499 Dei
1290 4458 1415 4497 cum
1439 4443 1657 4513 legitur,
1688 4457 1795 4496 non
1845 4457 1931 4496 se-

367 4535 606 4590 cundum
634 4535 838 4605 preprii
872 4535 1073 4605 ingenii
1104 4534 1513 4605 intelligentiam
1544 4535 1772 4604 legatur.
1794 4531 1932 4587 Sunt

366 4626 511 4681 enim
538 4628 708 4682 multa
733 4627 896 4682 verba
918 4628 971 4681 in
997 4626 1295 4697 Scripturis
1321 4627 1541 4692 divinis,
1564 4643 1684 4697 qua:
1704 4635 1933 4697 possunt

367 4716 512 4769 trahi
534 4717 601 4771 ad
627 4734 749 4773 eum
774 4733 1017 4783 sensum,
1034 4732 1191 4788 quem
1223 4717 1325 4773 sibi
1344 4718 1719 4788 unusquisque
1740 4726 1932 4788 sponte

368 4812 745 4881 praesumpsit;
791 4813 936 4882 quod
996 4812 1115 4865 ﬁeri
1170 4826 1280 4865 non
1328 4818 1564 4881 oportet.
1616 4809 1737 4866 Non
1787 4812 1932 4867 enim

368 4916 591 4957 sensum
618 4916 777 4971 quem
802 4903 1141 4959 extrinsecus
1163 4902 1411 4958 attuleris
1432 4902 1667 4957 alienum
1690 4909 1742 4957 et
1761 4910 1936 4957 extra-

368 5006 533 5048 neum
560 4992 726 5048 debes
752 5009 993 5064 quaerere
1016 5035 1033 5060 ,
1064 5009 1225 5065 quem
1271 5010 1338 5049 ex
1384 4992 1790 5064 Scripturarum
1836 5008 1934 5048 au-

367 5084 622 5139 ctoritate
650 5085 954 5153 conﬁrmes,
982 5087 1075 5143 sed
1123 5102 1190 5142 ex
1217 5086 1348 5155 ipsis
1377 5084 1677 5156 Scripturis
1710 5099 1932 5141 sensum

368 5190 568 5248 capere
611 5176 888 5244 veritatis;
919 5188 974 5233 et
1004 5180 1127 5235 ideo
1172 5186 1387 5249 oportet
1423 5179 1493 5233 ab
1532 5194 1598 5233 eo
1627 5178 1933 5249 intelligen-

368 5271 513 5324 tiam.
545 5268 760 5326 discere
803 5268 1235 5341 Scripturarum,
1289 5271 1383 5342 qui
1413 5287 1533 5327 eam
1564 5286 1594 5325 a
1632 5272 1932 5341 majoribus

367 5360 672 5416 secundum
721 5360 1008 5415 veritatem
1063 5362 1170 5417 sibi
1218 5362 1475 5418 traditam
1535 5370 1736 5427 servat,
1767 5370 1827 5418 ut
1878 5370 1932 5418 et

364 5455 491 5523 ipse
517 5453 690 5523 possit
725 5467 791 5507 ea
825 5469 946 5523 qua:
972 5461 1120 5507 recte
1148 5456 1411 5526 suscepit,
1442 5463 1815 5526 competenter
1841 5471 1932 5513 as-

364 5561 575 5602 serere.
620 5545 755 5600 Cum
798 5545 941 5600 enim
996 5560 1063 5600 ex
1103 5545 1300 5603 divinis
1331 5548 1628 5620 Scripturis
1666 5549 1930 5621 integram

362 5640 496 5708 quis
519 5636 819 5709 susceperit
853 5645 909 5691 et
935 5637 1145 5691 ﬁrmam
1175 5640 1415 5710 regulam
1438 5642 1703 5704 veritatis,
1738 5642 1933 5695 absur-

363 5730 502 5785 dum
543 5746 653 5787 non
694 5730 817 5795 erit,
847 5730 893 5786 si
923 5728 1126 5799 aliquid
1159 5729 1319 5785 etiam
1350 5748 1414 5787 ex
1445 5734 1753 5789 eruditione
1781 5748 1932 5788 com-

369 5822 522 5879 muni
550 5837 614 5879 se
654 5821 718 5880 de
746 5821 1057 5878 liberalibus
1093 5819 1311 5889 studiis,
1340 5837 1464 5892 quae
1490 5823 1630 5879 forte
1654 5824 1711 5879 in
1735 5824 1927 5893 pueri-

2021 510 2095 563 ita
2143 518 2323 565 tamen
2381 518 2437 564 ut
2487 511 2579 565 ubi
2628 526 2757 565 vera
2801 510 3032 576 didicit,
3071 512 3207 569 falsa
3259 523 3313 569 et
3358 516 3613 574 simulata

2021 602 2275 658 declinet.

2092 711 2279 768 XLIII.
2312 712 2376 766 Et
2408 728 2531 768 eum
2572 714 2687 770 haec
2712 714 2961 781 dixisset,
3006 718 3074 770 ad
3108 726 3316 787 patrem
3356 727 3612 775 nostrum

2033 805 2355 874 respiciens,
2390 805 2465 858 ait
2512 824 2525 860 :
2579 803 2660 859 Tu
2693 822 2848 876 ergo,
2896 823 3085 872 senex,
3122 810 3167 865 si
3195 811 3412 881 quidem
3447 810 3611 866 saluti

2022 900 2215 953 anima:
2232 908 2337 954 tua:
2367 899 2633 959 consulis,
2661 906 2719 951 ut
2749 915 2870 953 cum
2900 916 3126 970 corpore
3158 902 3322 956 fuerit
3346 904 3609 967 resoluta,

2022 1008 2123 1063 pro
2174 993 2323 1047 brevi
2371 994 2472 1048 hac
2524 993 2885 1048 conversione
2911 995 3153 1062 requiem
3198 995 3439 1049 inveniat
3470 1014 3613 1051 sem-

2022 1084 2293 1154 piternam
2316 1124 2329 1146 ,
2364 1085 2580 1155 require
2606 1084 2672 1138 de
2701 1084 2986 1154 quibusvis
3022 1094 3073 1139 et
3104 1086 3330 1140 consule
3351 1127 3365 1149 ,
3399 1095 3457 1140 ut
3487 1104 3612 1157 pos-

2023 1173 2100 1227 sis
2128 1175 2172 1228 si
2214 1174 2346 1245 quid
2378 1176 2432 1228 in
2464 1183 2515 1230 te
2537 1184 2621 1231 est
2646 1174 3007 1230 dubitationis
3046 1177 3305 1245 ahjirere.
3341 1174 3613 1234 Incertum

2021 1264 2165 1318 enim
2203 1274 2287 1320 est
2344 1267 2507 1321 etiam
2547 1268 2841 1338 juvenibus
2890 1271 3016 1322 vitae
3070 1277 3308 1339 tempus,
3386 1272 3613 1327 senibus

2023 1367 2202 1412 autem
2243 1360 2355 1428 jam
2398 1376 2499 1414 nec
2527 1360 2797 1417 incertum
2826 1370 2945 1429 est;
2979 1378 3087 1416 non
3119 1364 3263 1416 enim
3294 1362 3611 1434 dubitatur,

2023 1453 2154 1522 quin
2191 1462 2675 1525 quantumcunque
2714 1464 2798 1512 est
2827 1455 2972 1526 quod
3005 1464 3231 1526 putatur
3287 1471 3609 1526 superesse,

2022 1546 2187 1601 breve
2234 1546 2325 1601 sit.
2369 1545 2435 1599 Et
2483 1547 2607 1602 ideo
2638 1556 2745 1602 tam
2769 1549 3000 1618 juvenes
3023 1564 3184 1618 quam
3218 1563 3374 1603 senes
3396 1559 3614 1619 Oportet

2023 1637 2090 1692 de
2121 1638 2479 1693 conversione
2527 1646 2581 1693 et
2618 1641 2941 1709 paenitentia
2984 1640 3141 1695 valde
3169 1655 3291 1695 esse
3328 1641 3608 1709 sollicitos,

2024 1737 2078 1786 et
2115 1739 2363 1802 satagere
2400 1739 2457 1786 ut
2490 1733 2557 1788 de
2584 1734 2798 1805 reliquo
2827 1745 3023 1790 ornent
3059 1737 3296 1789 animam
3334 1750 3488 1791 suam
3522 1752 3610 1791 or-

2028 1824 2299 1879 namentis
2345 1822 2703 1894 dignissimis.
2742 1827 2795 1879 id
2830 1835 2915 1882 est
2948 1829 3293 1898 dogmatibus
3343 1832 3608 1898 veritatis,

2027 1913 2223 1967 decore
2261 1913 2557 1983 pudicitiae,
2613 1910 2904 1985 splendore
2943 1918 3193 1986 justitim,
3222 1925 3463 1979 candore
3493 1925 3610 1993 pie-

2028 2006 2179 2068 tatis,
2217 2006 2449 2076 aliisque
2478 2008 2735 2064 onmihus
2769 2010 2970 2078 quibus
3005 2024 3274 2082 comptam
3310 2017 3464 2071 decet
3491 2031 3613 2072 esse

2028 2097 2407 2152 rationabilem
2471 2107 2741 2169 mentem;
2790 2108 2906 2156 tum
2973 2113 3237 2173 praetcrea
3271 2106 3548 2161 declinare
3581 2122 3610 2159 α

2029 2188 2322 2242 consortiis
2374 2187 2680 2245 inhonestis
2724 2199 2779 2245 ct
2826 2191 3161 2259 inﬁdelibus,
3200 2204 3254 2250 et
3318 2199 3612 2253 societates

2028 2277 2230 2331 habere
2267 2277 2503 2331 ﬁdelium
2540 2289 2701 2349 atque
2742 2280 2867 2335 illos
2902 2282 3251 2352 frequentare
3285 2296 3609 2354 conventus,

2029 2364 2081 2418 in
2118 2365 2314 2434 quibus
2349 2366 2415 2421 de
2450 2368 2743 2437 pudicitia,
2772 2370 2839 2424 de
2867 2370 3105 2438 justitia,
3144 2373 3211 2428 de
3246 2374 3445 2444 pietate
3498 2385 3614 2431 tra-

2030 2465 2251 2523 ctatur;
2294 2475 2451 2514 orare
2487 2478 2702 2531 semper
2744 2462 2914 2518 Deum
2954 2482 3018 2520 ex
3066 2467 3230 2522 corde
3261 2476 3315 2522 et
3377 2471 3444 2523 ab
3492 2470 3614 2541 ipso

2029 2555 2213 2616 petere
2261 2565 2381 2619 quae
2414 2550 2567 2605 decet
2600 2568 2629 2604 a
2662 2552 2772 2608 Deo
2803 2557 2952 2625 posci
2981 2574 2994 2623 ;
3032 2556 3135 2627 ipsi
3188 2560 3394 2628 gratias
3428 2577 3609 2631 agere,

2028 2656 2211 2694 veram
2242 2643 2633 2712 pmnitudinem
2659 2662 2846 2714 gerere
2878 2650 3272 2717 praeteritorum
3296 2661 3611 2721 gestorum;

2030 2732 2425 2803 aliquantulum
2485 2737 2669 2799 etiam,
2709 2738 2753 2792 si
2804 2741 3065 2809 possibile
3098 2751 3203 2802 est.
3253 2760 3351 2814 per
3398 2746 3612 2802 miseri-

2029 2825 2245 2879 cordias
2301 2840 2597 2895 pauperum
2658 2828 2853 2896 juvare
2904 2833 3317 2901 pmnitentiam;
3357 2851 3453 2904 per
3495 2837 3611 2891 haec

2030 2917 2172 2971 enim
2237 2917 2447 2971 facilior
2510 2920 2666 2973 venia
2710 2923 2933 2978 dabitur
2992 2932 3045 2980 et
3094 2926 3398 2999 indulgenti
3448 2930 3612 2986 citius

2029 3008 2425 3077 indulgebitur.

1955 3102 2001 3164 ο
2101 3115 2285 3176 XLIV.
2322 3120 2476 3186 Quod
2528 3123 2571 3177 si
2609 3122 2967 3192 provectioris
3012 3126 3189 3182 :etatis
3229 3128 3299 3184 sit
3339 3128 3385 3184 is
3418 3130 3511 3199 qui
3538 3090 3609 3185 ad

2040 3211 2418 3280 pcenitentiam
2463 3214 2631 3280 venit,
2669 3230 2734 3266 eo
2763 3216 2937 3284 magis
2987 3218 3191 3288 gratias
3248 3234 3407 3290 agerc
3455 3219 3613 3276 debet

2041 3300 2169 3365 Deo,
2205 3299 2349 3369 quod
2395 3310 2687 3372 postquam
2736 3303 2943 3359 fractus
2999 3315 3084 3361 est
3136 3308 3315 3363 omnis
3379 3310 3613 3379 impetus

2038 3394 2494 3461 concupiscentiae
2526 3396 2784 3459 carnalis,
2820 3398 3049 3453 scientia
3080 3400 3328 3454 veritatis
3363 3410 3609 3470 accepta,

2037 3485 2183 3536 nulla
2222 3486 2268 3537 ei
2316 3486 2562 3540 imminet
2601 3505 2778 3559 pugna
2815 3492 3155 3556 certaminis,
3200 3508 3294 3562 per
3330 3510 3490 3563 quam
3528 3494 3614 3549 in-
3702 3528 3705 3532 »

2038 3588 2321 3647 surgentes
2386 3580 2649 3635 adversus
2715 3584 2954 3638 animum
3033 3587 3294 3655 reprimat
3362 3589 3610 3657 corporis

2038 3668 2364 3736 voluptates.
2415 3668 2671 3741 Superest
2712 3689 2843 3744 ergo
2876 3676 2928 3728 iu
2965 3676 3239 3745 agnitione
3279 3678 3525 3731 veritatis
3556 3684 3610 3732 et

2036 3758 2424 3815 misericordiae
2458 3764 2714 3833 operibus
2772 3766 3039 3829 exerceri,
3074 3774 3131 3820 ut
3176 3765 3363 3821 aﬁ‘crat
3397 3766 3607 3823 fructus

2034 3852 2227 3924 dignos
2258 3856 2609 3924 pmnitentiae,
2645 3871 2743 3912 nec
2774 3865 2924 3927 putet
2953 3859 3079 3927 quia
3113 3860 3164 3912 in
3198 3858 3461 3929 temporis
3492 3860 3609 3914 lon-

2034 3946 2275 4014 gitudine
2322 3947 2705 4002 documentum
2757 3950 3135 4003 conversionis
3186 3951 3514 4015 ostenditur,
3557 3960 3611 4007 et

2033 4053 2140 4092 non
2174 4038 2226 4092 in
2260 4038 2566 4095 devotionis
2610 4056 2672 4093 ac
2714 4041 2978 4110 propositi
3008 4040 3284 4097 ﬁrmitate.
3321 4042 3427 4096 Deo
3462 4043 3608 4097 enim

2033 4129 2335 4184 manifestae
2378 4138 2505 4185 sunt
2539 4140 2769 4192 mentes,
2807 4131 2898 4200 qui
2944 4146 3051 4184 non
3098 4138 3401 4199 temporum
3441 4134 3609 4187 ratio-

2033 4236 2154 4275 nem
2188 4221 2419 4292 colligit,
2456 4221 2548 4276 sed
2594 4222 2937 4278 animorum:
2982 4221 3097 4291 ipse
3144 4222 3288 4276 enim
3326 4223 3535 4291 probat,
3564 4224 3609 4278 si

2032 4313 2154 4384 quis
2178 4313 2357 4384 agnita
2379 4315 2625 4369 veritatis
2645 4313 3030 4383 prmdicatione
3057 4330 3167 4367 non
3191 4313 3404 4368 distulit
3435 4331 3609 4385 neque

2032 4416 2245 4479 tempus
2277 4410 2599 4479 negligenda
2629 4392 2990 4476 consumpsit,
3024 4407 3118 4461 sed
3149 4408 3332 4462 statim
3363 4416 3416 4462 et
3449 4409 3495 4463 si
3526 4408 3610 4463 di-

1962 4508 2006 4562 D
2035 4500 2081 4552 ei
2115 4507 2290 4570 potest
2316 4501 2505 4554 eodem
2536 4510 2828 4561 momento,
2861 4500 3130 4568 praeterita
3160 4499 3606 4568 perhorrescens,

2036 4590 2341 4645 futurorum
2394 4590 2723 4646 desiderium
2775 4591 2942 4660 erepit
2990 4597 3044 4644 et
3090 4589 3145 4643 in
3186 4605 3426 4646 amorem
3454 4591 3607 4663 regni

2034 4684 2274 4739 ecelestis
2304 4684 2529 4738 exarsit.

2104 4798 2262 4854 XLV.
2306 4798 2531 4869 Pr0pter
2555 4799 2701 4868 quod
2732 4815 2891 4855 nemo
2918 4808 3160 4855 vestrum
3183 4801 3325 4854 ultra
3345 4801 3612 4856 dissimu-

2034 4891 2107 4946 let
2153 4906 2255 4945 nec
2304 4898 2453 4945 retro
2497 4892 2774 4961 respiciat,
2807 4890 2904 4945 sed
2953 4890 3019 4945 ad
3050 4891 3403 4961 Evangelium
3455 4894 3609 4963 regni

2034 4981 2129 5037 Dei
2159 4982 2389 5037 libenter
2418 4982 2662 5037 accedat;
2691 4981 2810 5036 Non
2858 4980 3006 5035 dicat
3054 4996 3280 5051 pauper,
3309 4982 3438 5052 quia
3486 4994 3608 5036 cum

2033 5074 2185 5129 dives
2214 5073 2393 5129 factus
2424 5073 2597 5139 fuero,
2630 5085 2760 5128 tunc
2789 5081 3115 5140 convertar;
3166 5088 3275 5127 non
3311 5073 3547 5143 requirit
3576 5089 3606 5126 a

2035 5178 2088 5227 te
2131 5171 2276 5229 Deus
2320 5172 2629 5243 pecuniam,
2660 5172 2757 5228 sed
2803 5173 3045 5226 animum
3096 5170 3507 5226 misericordem
3553 5175 3608 5223 et

2034 5265 2179 5335 piam
2209 5273 2463 5322 mentem.
2489 5263 2676 5336 Neque
2700 5264 2851 5321 dives
2879 5265 3289 5321 conversionem
3315 5277 3470 5318 suam
3499 5257 3607 5315 dii-

2037 5355 2174 5411 ferat
2218 5372 2319 5427 pro
2362 5357 2729 5414 sollicitudine
2764 5357 3033 5421 saeculari,
3066 5356 3193 5410 dum
3238 5354 3440 5424 cogitat
3471 5365 3607 5422 quo-

2035 5448 2198 5502 modo
2227 5447 2508 5518 dispenset
2536 5447 2927 5502 abundantiam
2972 5450 3187 5517 frugum
3212 5463 3226 5511 ;
3252 5458 3430 5513 neque
3460 5442 3607 5501 dicat

2036 5540 2181 5594 intra
2208 5541 2558 5609 semetipsum
2588 5580 2600 5605 ,
2634 5538 2776 5605 Quid
2800 5538 2998 5607 faciam
3020 5580 3035 5605 ,
3060 5537 3150 5590 ubi
3180 5534 3464 5591 recondam
3487 5534 3607 5604 fru-

2034 5640 2148 5684 ctus
2185 5632 2363 5685 meos?
2399 5629 2582 5700 Neque
2610 5629 2758 5683 dicat
2788 5629 2983 5682 anima:
3029 5643 3142 5681 suae
3164 5668 3180 5693 ,
3221 5625 3398 5680 Habes
3434 5623 3604 5678 multa

2036 5723 2173 5777 bona
2215 5725 2444 5793 reposita
2496 5723 2552 5777 in
2597 5738 2763 5777 annos
2807 5722 2998 5776 multos
3024 5763 3039 5786 ,
3084 5720 3297 5791 epulare
3316 5759 3339 5783 ._
3383 5718 3601 5781 (atare:

2036 5834 2161 5875 nam
2193 5818 2403 5874 dicetur
2420 5816 2470 5873 ei
2508 5836 2519 5872 :
2554 5815 2726 5881 Stulte
2748 5857 2762 5883 ,
2790 5816 2887 5870 hac
2927 5824 3075 5870 nocte
3114 5814 3383 5885 auferetur
3419 5811 3511 5865 ab:
3545 5821 3594 5866 te
