4036 6252
468 285 599 341 Ηιό

1273 281 1328 336 S.
1370 278 1758 335 CLEMENTIS
1792 278 1811 331 I
1842 277 2007 334 ROM.
2042 277 2242 337 PONT.
2270 278 2495 335 OPERA
2552 279 2787 337 DUBIA.‘

3570 287 3711 342 1448

464 419 643 457 anima
684 409 797 467 tua,
827 408 879 457 et
900 416 1015 470 qua
1043 402 1365 470 preparasti
1390 401 1541 470 cujus
1577 407 1727 453 erunt
1762 396 2042 465 "?Itaque
2068 398 2116 456 Α
2143 403 2352 451 rectum
2377 397 2679 453 consilium
2700 398 2919 469 perdat;
2959 398 3051 454 illa
3087 413 3222 455 vero
3258 414 3379 470 qua:
3403 399 3580 455 malos
3608 418 3717 471 pu-

463 492 682 551 festinct
713 494 778 547 ad
815 493 1192 563 paenitentiam
1235 493 1412 546 omnis
1452 498 1606 551 atas.
1641 490 1821 543 omnis
1852 503 2035 551 sexus,

462 588 752 657 omnisque
777 585 1039 651 conditio,
1074 592 1133 639 ut
1164 580 1335 639 vitam‘
1354 590 1726 654 consequatur
1756 590 2034 636 mternam.

461 673 697 731 Iuvenes
728 675 946 746 quidem
977 676 1031 728 in
1058 690 1123 730 eo
1154 675 1294 744 grati
1326 674 1457 738 sint,
1489 674 1635 743 quod
1681 673 1735 728 in
1784 674 1905 743 ipso
1936 674 2040 727 im-

463 779 605 840 pctu
638 770 1036 825 desideriorum
1082 769 1326 824 cervices
1378 784 1508 824 suas
1555 768 1688 839 jugo
1738 769 2039 839 subjiciunt

463 861 785 931 disciplima.
816 859 985 914 Senes
1015 867 1067 914 et
1095 860 1197 929 ipsi
1224 859 1545 923 laudabiles,
1572 862 1700 931 quia
1721 862 1877 916 multi
1896 870 2035 916 tem-

463 955 614 1025 poris
644 950 1119 1016 consuetudinem,
1156 953 1209 1003 in
1258 966 1365 1020 qua
1406 951 1551 1006 male
1597 956 1854 1023 prreventi
1885 960 2035 1020 sunt,

464 1063 563 1119 pro
592 1045 683 1099 Dei
716 1046 911 1099 timore
941 1053 1294 1097 commutant.

532 1134 717 1191 XLVI.
750 1135 917 1190 Nemo
946 1150 1075 1205 ergo
1103 1134 1339 1201 diﬂ‘erat,
1373 1152 1535 1191 nemo
1566 1145 1886 1206 cunctetur;
1916 1156 2037 1210 quae

462 1226 608 1282 enim
638 1240 803 1280 causa
834 1225 1126 1279 cunctandi
1157 1228 1326 1281 estad
1349 1226 1486 1282 bene
1513 1229 1819 1297 agendum?
1846 1240 1939 1284 aut
1967 1231 2036 1284 ti-

463 1332 598 1382 mes,
627 1332 694 1371 ne
718 1330 841 1370 cum
870 1314 1005 1369 bene
1036 1316 1252 1380 feceris,
1284 1316 1357 1371 ibi
1393 1319 1893 1374 remunerationem
1923 1337 2033 1375 non

465 1406 709 1460 invenias
762 1412 819 1458 ut
862 1404 1103 1474 putasti?
1143 1405 1207 1458 Et
1241 1407 1372 1476 quid
1401 1410 1608 1463 senties
1638 1408 1948 1465 detrimenti
1985 1412 2031 1466 si

464 1497 601 1552 bene
634 1495 826 1550 feceris
852 1494 1043 1564 gratis,
1072 1510 1252 1550 nonne
1274 1500 1436 1551 etiam
1465 1498 1580 1553 sola
1606 1498 1661 1553 in
1700 1500 1786 1555 his
1811 1501 2031 1556 suflice-

461 1596 546 1642 ret
601 1585 973 1641 conscientia?
1015 1585 1171 1652 Quod
1204 1588 1249 1641 si
1296 1588 1570 1643 inveneris
1612 1596 1673 1642 ut
1722 1592 2028 1659 praesumis,

462 1693 643 1732 nonne
670 1693 770 1747 pro
782 1678 963 1749 parvis
986 1693 1199 1749 magna,
1217 1686 1271 1732 et
1293 1694 1392 1749 pro
1417 1682 1804 1751 temporalibus
1829 1690 2032 1738 aeterna

461 1771 731 1841 recipies?
763 1786 952 1827 verum
986 1787 1085 1843 ego
1133 1774 1247 1827 haec
1283 1781 1507 1843 propter
1545 1774 1858 1832 incredulos
1898 1776 2029 1832 dixi.

460 1862 571 1918 Nos
603 1872 784 1918 autem
827 1878 948 1934 quae
993 1865 1375 1933 praedicamus,
1419 1868 1493 1919 ita
1538 1881 1598 1921 se
1636 1867 1857 1933 habent,
1907 1869 2034 1938 quia

460 1969 563 2009 nec
593 1954 753 2009 aiiter
782 1968 904 2009 esse
937 1963 1189 2024 possunt,
1236 1972 1357 2027 qua:
1393 1958 1711 2027 prephetica
1749 1974 1880 2014 voce
1909 1976 2036 2031 pro-

462 2046 630 2101 missa
659 2052 806 2102 sunt.

535 2136 742 2193 XLVII.
771 2136 827 2191 Si
852 2137 976 2207 quis
1006 2153 1135 2193 vero
1181 2140 1334 2211 cupit
1374 2143 1706 2197 examussim
1751 2143 2035 2197 veritatem

462 2237 668 2285 nostrae
716 2229 1124 2300 pradicationis
1158 2245 1473 2302 agnoscere,
1511 2234 1800 2289 conveniat
1832 2234 1899 2288 ad
1939 2250 2036 2288 au-

463 2321 745 2387 diendum,
777 2331 831 2377 et
864 2323 995 2394 quid
1028 2325 1100 2379 sit
1129 2340 1292 2380 verus
1332 2327 1595 2396 propheta
1632 2336 1952 2396 cognoscat,
1982 2335 2037 2382 et

462 2417 596 2465 tunc
618 2411 836 2467 demum
863 2414 1042 2468 omnis
1073 2414 1127 2468 in
1152 2430 1217 2469 eo
1246 2416 1483 2471 cessabit
1514 2415 1839 2486 ambiguitas
1860 2435 1872 2482 ;
1890 2417 1934 2470 si
1958 2424 2039 2469 ta-

462 2519 589 2559 men
638 2520 749 2559 non
791 2503 1083 2561 obstinatis
1116 2506 1314 2561 animis
1352 2507 1574 2561 resistat
1605 2507 1712 2571 his,
1744 2523 1864 2577 quae
1909 2524 2037 2563 vera

462 2612 585 2651 esse
597 2598 938 2666 compererit.
958 2595 1096 2652 Sunt
1112 2600 1255 2653 enim
1275 2599 1495 2669 quidam
1514 2601 1607 2669 qui
1624 2600 1864 2669 quolibet
1879 2602 2038 2657 modo

465 2687 534 2742 ad
564 2689 664 2743 hoc
695 2695 904 2743 tantum
937 2691 1237 2760 respiciunt
1263 2699 1321 2744 ut
1351 2691 1594 2756 vincant,
1618 2700 1672 2746 et
1694 2692 1909 2747 laudem
1942 2708 2039 2763 pro

464 2781 570 2837 hoc
593 2782 765 2854 magis
788 2798 950 2853 quam
978 2783 1209 2838 salutem
1232 2794 1500 2853 quaerant,
1534 2784 1754 2854 quibusA
1769 2800 1876 2839 non
1915 2800 2040 2840 eve-

464 2872 581 2927 niat
610 2844 830 2929 velvdici
874 2872 1103 2944 aliquid,
1153 2890 1221 2929 ne
1249 2844 1320 2928 ἐι
1350 2844 1530 2928 sermo
1550 2844 1769 2929 mobilis
1805 2874 2040 2944 patiatur

466 2964 744 3034 injuriam,
777 2972 829 3019 et
861 2965 1075 3034 injuriae
1116 2982 1227 3020 sua:
1261 2981 1415 3021 reum
1458 2974 1660 3019 aeterna
1692 2976 1865 3020 morte
1902 2981 2035 3020 cono

2143 489 2241 552 nit,
2265 490 2739 559 perturbationem
2761 492 2937 545 menti
2965 506 3077 547 non
3107 489 3299 556 infert,
3333 491 3428 547 sed
3452 507 3621 563 unus,
3656 498 3715 545 ut

2141 582 2215 635 ita
2239 581 2489 646 dixerim,
2527 581 2782 652 idemque
2807 584 3031 640 aﬂ'ectus
3054 591 3161 647 est,
3199 585 3292 654 qui
3322 591 3375 639 et
3406 584 3566 639 bonis
3582 598 3717 654 prab-

2140 674 2247 728 mia
2272 682 2326 728 et
2346 673 2504 729 malis
2536 674 2789 729 retribuit
2819 690 3071 746 pmnam;
3103 691 3227 730 nam
3252 676 3296 731 si
3327 676 3485 732 bonis
3516 684 3569 730 et
3597 692 3713 731 ina-

2138 764 2207 818 lis
2230 765 2370 818 hona
2395 766 2671 831 restituat,
2704 775 2758 822 et
2792 768 2958 821 simili
2980 768 3422 823 remuneratione
3443 783 3572 838 erga
3592 769 3713 839 pios

2139 865 2325 912 utatur
2350 866 2404 912 et
2432 857 2653 929 impios,
2679 860 2918 929 injustus
2949 862 3131 932 potius
3158 877 3320 932 quam
3354 862 3533 917 bonus
3561 862 3714 918 vide-

2138 949 2308 1003 bitur.

2207 1038 2392 1095 XLIX.
2427 1038 2533 1096 Sed
2557 1042 2679 1097 ais:
2709 1060 2811 1100 nee
2850 1042 2996 1098 Deus
3037 1042 3226 1099 debuit
3260 1042 3441 1098 facere
3480 1042 3709 1097 malum.

2137 1134 2339 1189 Verum
2378 1132 2552 1201 dicis;
2604 1150 2781 1205 neque
2837 1135 2984 1191 fecit.
3030 1132 3135 1189 Sed
3162 1135 3257 1205 qui
3304 1134 3376 1188 ab
3421 1148 3488 1188 eo
3540 1131 3709 1188 creati

2136 1236 2285 1292 sunt,
2325 1229 2454 1284 dum
2496 1228 2823 1300 judicandos
2863 1244 2922 1285 se
2961 1243 3084 1283 esse
3113 1242 3223 1282 non
3253 1226 3504 1290 credunt,
3528 1225 3709 1280 indul-

2137 1326 2321 1389 gentes
2346 1320 2713 1389 voluptatibus
2737 1320 2885 1385 suis,
2908 1333 2938 1372 a
2959 1318 3158 1389 pietate
3203 1324 3258 1372 et
3292 1317 3502 1386 iustitia
3543 1313 3708 1370 devo-

2135 1408 2234 1463 luti
2269 1417 2414 1464 sunt.
2458 1410 2566 1465 Sed
2596 1410 2781 1464 dices:
2818 1407 2873 1466 Si
2911 1408 3121 1478 justum
3152 1415 3237 1464 est
3276 1408 3470 1477 punire
3510 1406 3702 1471 malos,

2135 1503 2317 1555 statim
2340 1510 2397 1555 ut
2421 1502 2562 1557 male
2591 1510 2757 1571 agunt
2784 1500 2967 1570 puniri
2991 1501 3208 1556 debent.
3229 1499 3309 1553 Tu
3327 1499 3545 1569 quidem
3570 1500 3709 1556 bene

2135 1591 2401 1661 festinas;
2432 1594 2528 1649 sed
2550 1594 2640 1648 ille
2662 1594 2756 1664 qui
2785 1600 3023 1649 aeternus
3042 1600 3146 1648 ‘cst
3176 1599 3229 1648 et
3256 1607 3419 1664 quem
3449 1592 3587 1646 nihil
3622 1593 3706 1646 la-

2136 1694 2233 1751 tet,
2273 1694 2478 1757 quanto
2506 1687 2691 1740 nullus
2719 1686 2768 1740 ei
2800 1686 2947 1750 ﬁnis,
2978 1692 3132 1740 tanto
3165 1691 3222 1738 et
3254 1684 3464 1754 prolixa
3492 1685 3706 1753 patien-

2139 1779 2211 1834 tia
2245 1786 2348 1836 est.
2378 1790 2431 1834 et
2461 1794 2570 1833 non
2599 1777 2664 1832 ad
2697 1778 3041 1833 velocitatem
3082 1776 3355 1841 vindictae,
3391 1776 3485 1831 sed
3522 1776 3591 1829 ad
3621 1791 3712 1831 sa-
3766 1784 3775 1793 '

2137 1871 2265 1926 Iutis
2321 1870 2542 1940 respicit
2588 1884 2818 1936 causas;
2885 1868 3187 1923 delectatur
3247 1868 3393 1922 enim
3438 1881 3547 1921 non
3597 1874 3711 1921 tam

2136 1966 2332 2022 morte,
2359 1974 2519 2028 quam
2548 1958 2908 2012 conversione
2930 1958 3207 2027 peccantis
3225 1957 3293 2011 ".
3327 1956 3452 2011 Ideo
3474 1956 3715 2027 denique

2136 2053 2191 2099 et
2248 2054 2499 2100 sanctum
2544 2046 2818 2115 baptisma
2861 2046 3092 2116 largitus
3137 2054 3221 2102 est
3262 2046 3602 2111 hominibus,
3641 2047 3709 2102 ad

2138 2136 2287 2205 quod
2326 2137 2371 2190 si
2401 2135 2525 2206 quis
2553 2137 2738 2191 venire
2765 2135 3005 2201 festinet,
3035 2143 3089 2191 et
3116 2136 3184 2191 de
3232 2137 3441 2207 reliquo
3492 2145 3713 2193 maneat

2137 2228 2480 2291 emendatus,
2511 2228 2762 2283 delentur
2794 2244 2862 2282 ex
2889 2242 2954 2283 eo
2984 2228 3168 2283 omnia
3196 2236 3438 2300 peccata,
3468 2244 3591 2299 qua:
3613 2245 3713 2299 per

2138 2319 2501 2389 ignorantiam
2530 2320 2826 2376 commissa
2857 2328 3003 2375 sunt.

2210 2408 2270 2465 L.
2295 2409 2429 2464 Nam
2452 2410 2761 2480 philosophi
2790 2410 2921 2481 quid
2945 2412 3295 2468 contulerunt
3338 2410 3467 2465 vita:
3509 2416 3709 2463 morta-

2152 2502 2309 2567 lium,
2343 2503 2578 2559 dicendo
2608 2504 2923 2561 hominibus
2963 2521 3069 2561 non
3102 2506 3263 2561 irasci
3288 2505 3493 2560 Deum?
3514 2519 3711 2574 nempe

2141 2606 2201 2650 ut
2252 2597 2512 2651 docerent
2557 2612 2651 2653 eos
2686 2599 2897 2652 nullum
2937 2599 3140 2655 habere
3174 2599 3428 2653 vindicta:
3473 2596 3708 2665 alicujus

2139 2688 2226 2742 vel
2262 2688 2456 2757 judicii
2502 2698 2727 2753 metum,
2779 2696 2833 2743 et
2878 2705 2977 2759 per
3017 2690 3121 2744 hoc
3176 2698 3286 2744 tota
3349 2687 3709 2759 peccantibus

2143 2776 2294 2832 frena
2316 2778 2587 2835 laxarent.
2618 2778 2726 2831 Aut
2754 2779 2883 2848 quid
2912 2780 2989 2834 illi
3022 2780 3317 2833 humanum
3345 2793 3519 2848 genus
3554 2778 3709 2845 juva-

2142 2876 2292 2932 runt,
2325 2869 2418 2938 qui
2458 2868 2721 2923 dixerunt
2748 2885 2858 2924 nor.
2886 2885 3007 2925 esse
3032 2868 3219 2938 Deum,
3244 2870 3338 2927 sed
3363 2886 3495 2926 casu
3529 2871 3708 2925 omnia

2141 2968 2195 3013 et
2224 2960 2448 3014 fortuito
2482 2962 2601 3030 agi?
2629 2978 2810 3017 nonne
2839 2970 2900 3016 ut
2929 2962 3044 3017 haee
3078 2963 3361 3018 audientes
3383 2962 3635 3019 homines
3658 2972 3712 3018 et

466 3058 704 3113 demnet.
741 3056 882 3123 Quid
914 3057 1059 3112 enim
1097 3066 1180 3113 est
1212 3058 1268 3111 in
1305 3072 1414 3127 quo
1460 3057 1739 3111 adversari
1780 3057 2043 3126 praedica-
2067 3071 2110 3128 (ς
2144 3052 2471 3107 arbitrantes
2514 3053 2720 3106 nullum
2752 3069 2874 3110 csse
2899 3056 3163 3125 judicem,
3215 3055 3423 3108 nullum
3463 3054 3715 3124 proviso-

467 3150 600 3204 tioni
633 3156 835 3202 nostra:
876 3149 999 3217 quis
1039 3146 1263 3202 debeat?
1309 3154 1403 3200 aut
1444 3146 1501 3199 in
1549 3161 1659 3215 quo
1708 3152 1897 3199 contra
1930 3145 2041 3200 veri

466 3242 795 3309 honestique
841 3239 1002 3293 fidem
1047 3254 1227 3293 sermo
1263 3236 1671 3308 praedicationis
1710 3246 1912 3290 nostra
1944 3236 2040 3290 de-

466 3328 871 3402 prehenditur?
899 3327 993 3397 qui
1042 3328 1174 3381 dicit
1216 3327 1597 3381 honorandum
1629 3342 1752 3382 esse
1785 3327 1956 3380 Deum
1988 3332 2041 3381 et

468 3419 684 3475 Patrem
727 3420 971 3473 omnium
1013 3418 1372 3482 conditorem,
1408 3418 1637 3487 ejusque
1678 3416 1897 3484 Filium,
1949 3419 2041 3488 qui

469 3511 623 3565 solus
654 3526 778 3564 eum
809 3519 862 3565 et
890 3510 1225 3565 voluntatem
1257 3509 1379 3579 ejus
1412 3511 1586 3575 novit,
1613 3511 1811 3580 cuique
1839 3510 1940 3565 soli
1975 3510 2043 3565 de

468 3599 727 3655 omnibus
758 3597 1093 3653 credendum
1124 3607 1209 3654 est
1238 3615 1359 3669 quae
1390 3600 1681 3670 praecepit;
1715 3600 1867 3655 solus
1895 3600 2040 3654 enim

468 3698 555 3748 est
584 3694 668 3747 lex
696 3698 751 3746 et
771 3692 1049 3762 legislator
1071 3700 1125 3748 et
1150 3693 1316 3761 judex
1337 3693 1543 3762 justus.
1568 3693 1725 3761 cujus
1752 3693 1833 3747 lex
1854 3692 2042 3747 decer-

468 3784 553 3838 nit
580 3782 961 3837 honorandum
992 3798 1113 3837 esse
1145 3783 1315 3837 Deum
1355 3782 1641 3836 Dominum
1669 3783 1910 3835 omnium
1947 3798 2044 3852 per

470 3875 637 3926 vitam
670 3871 908 3927 sobriam
933 3910 946 3935 ,
987 3880 1225 3934 castam,
1262 3872 1486 3940 justam,
1522 3872 1951 3942 misericordem,
1987 3880 2042 3928 et

470 3963 527 4019 in
561 3964 681 4033 ipso
714 3963 831 4019 solo
858 3978 1072 4018 omnem
1104 3965 1471 4019 collocandam
1507 3979 1677 4034 spem.

544 4051 772 4106 XLVIII.
829 4051 933 4106 Sed
980 4054 1125 4107 dicet
1174 4053 1393 4122 aliquis,
1427 4055 1588 4108 etiam
1636 4070 1666 4107 a
1703 4056 2041 4126 philosophis

472 4143 784 4213 hujnsmodi
811 4150 1083 4213 praecepta
1113 4144 1256 4199 dari.
1289 4145 1436 4200 Mhil
1466 4153 1550 4201 est
1584 4148 1793 4215 simile;
1819 4162 1944 4202 nam
1976 4148 2044 4203 de

470 4240 679 4295 iustitia
711 4239 930 4307 quidem
978 4239 1046 4294 ab
1078 4242 1158 4295 eis
1187 4248 1241 4295 et
1270 4242 1571 4298 sobrietate
1602 4245 1912 4309 mandatur,
1947 4245 2041 4301 sed

469 4338 932 4385 remuneratorem
956 4331 1125 4386 Deum
1150 4342 1427 4405 gestorum
1451 4336 1717 4391 bonorum
1748 4339 2043 4393 malorum-

2140 3158 2254 3199 rem
2296 3158 2499 3209 rerum,
2539 3142 2607 3196 ad
2644 3159 2804 3198 omne
2846 3143 3081 3209 facinus,
3125 3144 3271 3214 quod
3298 3144 3381 3199 vel
3424 3144 3577 3197 furor
3625 3143 3713 3199 vel

2141 3236 2368 3291 avaritia
2416 3236 2500 3289 vel
2545 3234 2710 3289 libido
2777 3234 3077 3300 dictasset,
3139 3238 3409 3291 neminem
3473 3237 3715 3292 verendo

2140 3328 2447 3398 praecipites
2476 3332 2802 3399 agerentur?
2821 3330 2955 3385 Nam
2985 3330 3062 3386 illi
3096 3330 3325 3383 multum
3350 3334 3536 3383 revera
3555 3330 3717 3398 juve-

2141 3430 2271 3474 runt
2332 3421 2644 3475 mortalium
2694 3422 2884 3487 vitam,
2917 3422 3011 3492 qui
3073 3420 3330 3475 dixerunt
3369 3420 3504 3474 nihil
3550 3436 3715 3490 posse

2141 3511 2259 3565 sine
2281 3512 2464 3581 genesi
2496 3511 2632 3578 ﬁeri,
2664 3513 2874 3568 scilicet
2904 3521 2961 3567 ut
2989 3512 3366 3582 unusquisque
3394 3511 3607 3581 peccati
3628 3512 3714 3567 sui

2140 3618 2361 3658 causam
2392 3604 2578 3674 genesi
2602 3605 2904 3669 aseribens,
2932 3604 3285 3673 semetipsum
3319 3603 3373 3656 in
3409 3603 3716 3658 sceleribus

2140 3696 2256 3753 suis
2284 3695 2662 3765 pronuntiaret
2698 3694 3000 3756 innoxium,
3030 3693 3160 3747 dum
3184 3692 3386 3746 crimen
3416 3706 3579 3746 suum
3605 3707 3717 3747 non

2140 3787 2455 3857 paenitendo
2486 3786 2669 3851 diluit,
2705 3786 2799 3841 sed
2831 3786 3001 3839 fatum
3031 3782 3303 3854 culpanda
3340 3783 3714 3853 congeminat.

2138 3878 2274 3934 Nam
2305 3880 2372 3934 de
2403 3880 2510 3934 illis
2540 3879 2670 3950 quid
2694 3879 2873 3933 dicam
2915 3877 3279 3948 philosophis,
3309 3875 3401 3947 qui
3434 3876 3569 3931 deos
3619 3891 3719 3932 co-

2142 3970 2336 4025 lendos
2386 3986 2509 4026 esse
2559 3971 3003 4025 introduxerunt.
3051 3978 3105 4023 ct
3146 3969 3282 4023 tales
3323 3968 3478 4032 deos,
3524 3970 3716 4038 quales

2142 4061 2302 4130 paulo
2329 4071 2454 4116 ante
2484 4062 2756 4117 audistis?
2780 4059 2922 4127 Quid
2952 4059 3055 4114 fuit
3076 4058 3223 4114 aliud
3256 4058 3573 4124 decernere,
3604 4060 3714 4115 nisi

2140 4161 2201 4206 ut
2234 4152 2380 4220 vitia,
2405 4154 2509 4209 nisi
2543 4164 2603 4208 ut
2629 4154 2881 4221 crimina,
2916 4155 3023 4211 nisi
3054 4162 3113 4208 ut
3143 4153 3344 4224 ﬂagitia
3369 4149 3720 4207 colerentur?

2138 4242 2310 4299 Pudet
2336 4244 2679 4315 miseretque~
2701 4260 2788 4299 me
2819 4246 3006 4311 vestri,
3037 4244 3083 4300 si
3123 4244 3343 4299 creditis
3369 4242 3518 4312 quod
3566 4239 3719 4295 indi-

2138 4349 2242 4405 gna
2288 4333 2402 4388 haec
2441 4344 2625 4389 essent
2668 4344 2722 4391 et
2769 4336 2936 4406 impia
2986 4345 3149 4404 atque
3195 4333 3585 4397 exsecrabilia,
3620 4338 3725 4385 aut

471 4435 578 4490 que
616 4436 724 4475 non
767 4432 988 4491 norunt,
1027 4430 1082 4478 et
1121 4424 1244 4481 ideo
1274 4427 1418 4497 leges
1447 4438 1498 4483 et
1535 4439 1799 4498 prmecpta
1854 4445 2039 4485 eorum
2072 4409 2116 4464 θ
2138 4440 2249 4481 non
2295 4426 2724 4496 deprehendistis
2772 4428 3071 4493 hactenus,
3129 4435 3226 4483 aut
3275 4427 3615 4497 deprehensa
3662 4432 3723 4477 et

471 4520 847 4567 accusatorem
867 4515 1244 4570 tantummodo
1258 4518 1535 4587 publicum
1549 4520 1740 4584 vitant,
1756 4524 2041 4577 conscien-

471 4604 601 4657 tiam
634 4620 762 4660 vero
790 4606 1080 4675 puriﬁcare
1107 4622 1212 4661 non
1241 4620 1490 4678 possunt.
1515 4610 1657 4677 Quid
1681 4613 1826 4667 enim
1856 4615 2045 4670 timeat

472 4694 531 4750 in
560 4698 774 4782 occulto
804 4714 1052 4768 peccare,
1092 4700 1183 4770 qui
1234 4703 1571 4757 occultorum
1624 4720 1743 4760 esse
1777 4705 2042 4760 arbitrum

471 4788 786 4857 etjudicem
823 4792 1039 4847 nescit?
1084 4791 1306 4847 Addunt
1342 4802 1601 4863 praeterea
1632 4797 1937 4868 philos0phi
1985 4800 2041 4855 in

472 4881 761 4951 praceptis
789 4881 926 4945 suis,
954 4883 1119 4936 etiam
1150 4883 1284 4939 deos
1305 4886 1399 4954 qui
1427 4894 1555 4941 sunt
1579 4888 1852 4944 daemones
1872 4889 2043 4945 hono-

472 4972 697 5036 randos,
729 4972 874 5042 quod
906 4974 1108 5039 solum,
1137 4975 1352 5030 etiamsi
1384 4978 1439 5030 in
1470 4978 1594 5033 aliis
1623 4980 1933 5047 probabiles
1962 4982 2042 5036 vi—

473 5059 758 5127 derentur,
790 5064 1127 5133 gravissima:
1156 5080 1252 5121 eos
1282 5074 1461 5136 potest
1489 5068 1785 5138 impietatis
1814 5086 2044 5142 arguere

471 5166 525 5215 et
548 5160 787 5231 propriis
803 5161 1171 5216 condemnare
1191 5164 1500 5227 sententiis,
1526 5165 1616 5234 qui
1632 5180 1800 5220 unum
1822 5165 2042 5236 quidem

470 5269 597 5310 esse
622 5256 978 5324 pronuntiant
1004 5252 1195 5319 Deum,
1225 5270 1326 5324 pro
1357 5258 1724 5313 assentatione
1753 5266 1935 5314 tamen
1958 5274 2044 5313 er-

473 5348 616 5404 roris
642 5348 868 5402 humani
892 5348 1077 5418 plures
1099 5349 1359 5405 mandent
1384 5350 1663 5407 colendos.
1680 5350 2040 5408 Aiuntautem

473 5449 529 5496 et
576 5440 713 5497 illud
759 5441 1091 5513 philosophi,
1138 5441 1309 5498 Deum
1353 5459 1461 5499 non
1504 5445 1690 5512 irasci,
1736 5445 2041 5502 nescientes

474 5531 604 5600 quid
622 5531 828 5591 dicant.
850 5534 935 5589 Ira
957 5537 1102 5592 enim
1120 5538 1263 5592 mala
1279 5546 1382 5603 est,
1400 5538 1492 5593 ubi
1506 5547 1740 5596 mentem
1760 5540 1964 5604 turbat,
1982 5547 2043 5595 ut

545 5718 591 5751 "
618 5718 753 5775 Luc.
790 5735 888 5789 xu,
930 5723 1018 5789 Π,
1056 5725 1139 5787 19,
1172 5725 1260 5777 ΞΟ.
1341 5722 1385 5753 ⁷⁸
1416 5720 1608 5778 Ezeeh.
1643 5724 1895 5789 ινιιιρὸὅ

2141 4518 2407 4574 intellecta
2437 4518 2576 4573 mala
2611 4535 2710 4589 pro
2744 4520 2905 4575 bonis
2930 4528 2984 4574 et
3012 4519 3234 4589 optimis
3259 4516 3527 4573 coluistis.

2217 4607 2304 4663 LI.
2332 4605 2472 4661 Tum
2502 4615 2764 4677 praeterea
2797 4612 2851 4660 et
2880 4603 3016 4659 illud
3044 4603 3205 4673 quale
3250 4608 3353 4664 est,
3398 4599 3543 4670 quod
3574 4615 3718 4670 pra-

2147 4708 2500 4770 sumpserunt
2530 4698 2778 4754 nonnulli
2809 4695 3260 4769 philosophorum
3286 4693 3374 4747 vel
3403 4693 3474 4747 de
3498 4690 3613 4747 Deo
3632 4691 3716 4745 lo-

2147 4799 2263 4867 qui,
2296 4812 2421 4851 cum
2452 4794 2563 4848 sint
2588 4791 2869 4854 mortales,
2902 4797 2956 4844 et
2982 4788 3236 4859 opinione
3270 4785 3387 4840 sola
3417 4784 3487 4839 de
3521 4783 3717 4838 invisi-

2146 4889 2351 4944 bilibus
2391 4886 2573 4941 dicere
2603 4883 2688 4937 vel
2717 4881 2785 4936 de
2823 4879 3011 4935 mundi
3042 4878 3270 4948 origine,
3302 4876 3398 4932 ubi
3430 4891 3543 4929 non
3586 4875 3718 4929 ade-

2142 4988 2267 5037 rant
2299 4995 2422 5035 cum
2465 4981 2641 5040 fieret,
2676 4976 2762 5032 vel
2800 4974 2868 5029 de
2904 4973 3013 5028 fine
3042 4972 3163 5041 ejus
3196 4974 3281 5025 vel
3310 4970 3379 5025 de
3403 4970 3716 5023 animarum

2143 5075 2201 5130 in
2222 5072 2452 5129 infernis
2481 5068 2889 5139 dispensatione
2914 5074 2968 5121 et
2983 5065 3214 5134 judicio,
3252 5063 3563 5118 nescientes
3588 5062 3715 5130 quia

2146 5164 2433 5237 praesentia
2459 5162 2677 5235 quidem
2702 5169 2756 5217 et
2798 5158 3033 5215 visibilia
3064 5172 3229 5212 nosse
3257 5154 3494 5209 hominis
3518 5164 3605 5209 est
3634 5168 3718 5208 ra-

2144 5256 2446 5320 tionabilis,
2493 5254 2767 5326 praeterita
2802 5265 2933 5306 vero
2984 5256 3053 5304 et
3080 5248 3264 5303 futura
3314 5257 3370 5303 et
3417 5244 3713 5301 invisibilia

2149 5351 2312 5416 scire,
2342 5349 2517 5406 solius
2554 5345 2887 5420 prophetica!
2913 5340 3268 5414 praescientiae
3291 5347 3394 5396 est.
3430 5337 3555 5393 Non
3584 5350 3714 5407 ergo

2148 5447 2264 5502 haec
2303 5442 2637 5515 eohjecturis
2662 5447 2721 5497 et
2747 5437 3102 5509 opinionibus
3136 5432 3441 5505 colligenda
3474 5441 3628 5497 sunt,
3657 5429 3712 5483 in

2148 5539 2347 5611 quibus
2370 5537 2525 5595 valde
2546 5535 2808 5592 falluntur
2830 5530 3101 5598 homines,
3133 5527 3227 5585 sed
3249 5526 3353 5583 ﬁde.
3383 5522 3713 5599 prophetica
