4036 6252
432 285 566 342 1445

1664 299 2229 362 BECOGNITIONUM
2263 306 2388 364 LIB.
2443 308 2504 363 Χ.

3536 312 3669 367 {uti

421 397 694 466 veritatis,
728 403 873 458 sicut
911 420 971 462 se
1007 406 1172 463 habet
1200 407 1315 465 haec
1340 417 1537 465 nostra
1567 412 1839 472 doctrina.
1880 417 1990 474 Nos
2019 424 2067 481 Α
2096 421 2384 479 lectatione
2412 424 2529 494 ipsa
2559 424 2824 481 doctrinae
2844 434 2899 483 et
2929 430 3195 484 suavitate
3225 428 3513 482 verborum
3545 444 3663 498 per-

420 493 567 547 cnim
603 495 739 549 nihil
766 511 833 552 ex
862 498 1020 554 nobis
1041 499 1337 571 loquimur,
1368 519 1468 559 nec
1499 504 1735 562 humana
1763 511 1995 565 aestima-

422 580 570 640 tione
605 588 830 643 collecta
860 593 1274 658 annuntiamus,
1308 595 1412 650 hoc
1442 599 1590 652 enim
1629 601 1878 672 decipere
1907 613 1991 667 est

421 676 733 745 auditores;
762 681 856 735 sed
883 682 996 736 veri
1029 685 1306 753 propheta:
1341 690 1663 747 auctoritate
1689 696 1847 751 nobis
1876 704 1989 751 tra-

417 766 530 822 dita
547 771 954 827 etmanifestata
974 776 1352 845 praedicamus.
1378 777 1630 851 De‘cujus
1647 788 1985 853 praescientia

420 866 476 913 et
503 863 703 917 virtute
733 866 1070 934 prophetica,
1104 870 1149 925 si
1176 873 1321 942 quis,
1356 883 1415 928 ut
1451 875 1584 939 dixi,
1617 877 1682 931 ad
1715 878 1983 946 liquidum

412 952 527 1005 vult
572 953 899 1011 documenta
939 961 1244 1031 suscipere,
1272 964 1542 1023 sollicitus
1581 972 1890 1035 conveniat,
1928 981 1983 1028 et

410 1040 640 1111 impiger
677 1045 747 1098 sit
799 1045 868 1100 ad
911 1050 1265 1120 audiendum,
1307 1064 1362 1111 et
1398 1058 1675 1114 evidentes
1726 1060 1979 1117 dabimus

407 1134 779 1203 probationes,
829 1141 1031 1209 quibus
1079 1144 1189 1199 vim
1240 1149 1570 1218 propheticae
1623 1153 1978 1220 praescientia:

403 1238 513 1279 non
562 1228 735 1282 solum
764 1231 990 1289 auribus
1032 1237 1244 1304 audire,
1278 1242 1374 1297 s’ed
1406 1251 1459 1299 et
1492 1246 1667 1301 oculis
1702 1248 1865 1303 etiam
1892 1250 1976 1305 vi-

403 1316 532 1372 dere
576 1333 640 1373 ac
681 1337 846 1378 manu
883 1335 1226 1388 contrectare
1273 1350 1332 1390 se
1363 1337 1569 1392 credat.
1603 1338 1678 1396 De
1708 1357 1817 1411 quo
1849 1358 1972 1399 cum

404 1417 607 1507 certam
645 1412 804 1470 fidem
834 1424 1167 1492 conceperit,
1194 1426 1383 1499 jugum
1425 1431 1652 1500 justitize
1680 1444 1733 1491 et
1754 1437 1971 1507 pietatis

401 1500 606 1571 absque
660 1506 769 1561 ullo
809 1509 995 1567 labore
1036 1517 1298 1588 suscipiet
1336 1523 1401 1587 ⁷⁷,
1444 1500 1770 1598 tantamque.
1804 1532 1857 1584 in
1902 1549 1969 1588 eo

400 1594 598 1649 sentiet
627 1599 968 1671 suavitatem,
998 1613 1056 1660 ut
1083 1623 1191 1663 non
1220 1612 1397 1666 solum
1429 1616 1563 1671 nihil
1589 1620 1638 1673 ei
1664 1594 1865 1677 laboris
1888 1626 1970 1679 in-

396 1701 519 1780 esse
555 1699 833 1756 causetur,
865 1712 1052 1752 verum
1103 1709 1157 1756 et
1187 1706 1423 1774 amplius
1462 1710 1668 1780 aliquid
1710 1714 1834 1769 addi
1861 1718 1965 1772 sibi

394 1775 664 1837 desideret
684 1792 738 1840 et
761 1787 985 1858 imponi.

463 1870 573 1928 Lll.
608 1874 853 1948 Cumque
892 1882 1008 1938 haec
1035 1893 1088 1939 et
1116 1887 1225 1941 alia
1265 1889 1352 1947 his
1390 1894 1591 1949 similia
1622 1897 1871 1965 dixisset,
1912 1911 1966 1957 et

392 1966 685 2022 nonnullos
717 1985 782 2025 ex
818 1971 904 2028 his
939 1978 1033 2045 qui
1066 1979 1291 2036 aderant
1335 1983 1584 2042 infirmos
1621 1997 1675 2043 et
1705 1991 1967 2047 dtemoni»

390 2054 495 2110 bus
526 2059 780 2118 obsessos
811 2079 1078 2134 curasset,
1110 2076 1448 2140 gratulantes
1470 2085 1523 2133 et
1553 2079 1721 2135 Deum
1757 2086 1964 2140 collau-

390 2146 582 2207 dantes
623 2156 809 2210 turbas
836 2158 1060 2227 dimisit,
1084 2166 1405 2235 praecipiens
1434 2172 1514 2227 eis
1537 2180 1595 2227 ut
1624 2175 1691 2229 ad
1715 2178 1959 2233 eumdem

389 2238 567 2295 locum
597 2245 758 2298 etiam
795 2254 1256 2321 consequentibus
1281 2257 1475 2315 diebus
1504 2263 1756 2320 audiendi
1787 2270 1961 2337 gratia

388 2337 763 2393 convenirent.
789 2339 1035 2413 Cumque
1075 2345 1225 2401 domi
1264 2350 1378 2418 jam
1409 2352 1552 2409 inter
1578 2372 1681 2412 nos
1712 2373 1960 2418 essemus

387 2440 451 2479 ac
498 2443 930 2499 przepararemus
976 2437 1041 2490 ad
1078 2437 1370 2507 edendum,
1412 2444 1695 2516 ingressus
1736 2452 1955 2520 quidam

385 2519 601 2611 nuntiat
647 2519 947 2592 Appionem
997 2527 1450 2591 Plistonicensem
1486 2538 1600 2611 (60)
1634 2519 1767 2596 cum,
1802 2544 1955 2599 Anu-

386 2607 549 2666 bione
582 2630 758 2685 nuper
788 2618 1003 2675 venisse
1034 2621 1102 2676 ab
1128 2624 1443 2696 Antiochia,
1465 2607 1519 2685 et
1543 2631 1805 2703 hOSpitari
1831 2652 1952 2690 cum

385 2699 625 2761 Simone.
662 2707 797 2764 Tum
818 2720 972 2781 pater
1002 2715 1232 2773 audiens
1263 2722 1484 2789 gavisus
1537 2699 1725 2792 est,—et
1756 2727 1829 2781 ait
1856 2728 1954 2784 Pe-

383 2801 506 2887 tro:
543 2793 599 2848 Si
623 2801 918 2867 permittis,
950 2805 1075 2859 volo
1111 2807 1191 2862 ire
1226 2815 1279 2863 et
1317 2811 1556 2868 salutare
1576 2815 1872 2887 Appionem
1899 2829 1954 2876 et

379 2879 747 2953 Anubionem,
779 2893 908 2961 quia
944 2895 1101 2951 valde
1130 2898 1293 2952 amici
1332 2900 1464 2953 mihi
1490 2879 1675 2970 sunt}-
1701 2904 1952 2963 fortassis

380 2984 557 3028 autem
592 2978 934 3037 Anubionem
974 2987 1136 3041 etiam
1187 2990 1417 3045 suadere
1459 3001 1650 3062 potero
1670 2996 1951 3067 disputare

2095 514 2284 582 vigiles
2317 516 2636 570 mansimus.
2662 516 2727 570 Et
2753 532 2877 571 cum
2904 519 3014 587 jam
3046 529 3440 582 auroresceret,
3464 518 3663 577 Petrus

2092 606 2315 661 intuens
2348 624 2433 662 me
2464 623 2528 661 ac
2564 608 2760 664 fratres
2782 627 2954 675 meos,
2985 611 3059 664 ait
3085 632 3097 665 :
3129 611 3295 666 Miror
3325 613 3454 682 quid
3481 614 3659 668 visum

2091 698 2161 751 sit
2196 700 2334 768 patri
2372 708 2577 757 vestro.
2619 701 2867 772 Cumque
2911 704 3025 759 haec
3064 705 3288 773 diceret,
3342 708 3660 777 supervenit

2087 798 2242 859 pater
2295 793 2603 868 et“invenit
2648 792 2869 847 Petrum
2913 796 3071 849 nobis
3111 796 3177 850 de
3216 814 3273 852 se
3321 798 3652 868 loquentem.

2085 880 2333 952 Cumque
2383 866 2700 950 salutasset,
2751 886 3070 941 satisfacere
3117 891 3283 957 coepit
3326 898 3377 943 et
3432 906 3654 945 causam

2083 990 2372 1044 exponere,
2404 978 2475 1031 ob
2505 994 2670 1047 quam
2703 977 2837 1032 foris
2871 980 3182 1035 mansisset.
3210 979 3318 1035 Nos
3360 993 3536 1036 autem
3568 998 3654 1036 re-

2082 1067 2375 1135 spicientes
2397 1070 2460 1121 ad
2484 1086 2605 1123 eum
2638 1071 3203 1139 expavimus,vultum
3231 1074 3285 1126 in
3313 1088 3376 1127 eo
3412 1075 3652 1130 Simonis

2079 1159 2327 1214 videntes
2362 1159 2495 1233 (6i),
2527 1176 2714 1214 vocem
2750 1169 2931 1215 tamen
2964 1163 3132 1231 patris
3178 1164 3347 1218 nostri
3394 1166 3653 1221 audieba-

2079 1267 2220 1305 mus.
2274 1251 2522 1323 Cumque
2564 1252 2940 1324 refugeremus
2970 1270 3094 1309 eum
3126 1262 3179 1309 et
3211 1271 3647 1322 exsecraremur,

2077 1347 2328 1417 stupebat
2361 1356 2515 1416 pater
2545 1346 2689 1415 quod
2722 1354 2831 1399 tam
2863 1352 3081 1400 austere
3116 1362 3240 1399 cum
3270 1363 3335 1401 eo
3363 1362 3650 1417 ageremus

2073 1446 2127 1494 et
2169 1440 2418 1495 barbare.
2476 1440 2637 1495 Solus
2684 1446 2866 1495 tamen
2903 1439 3098 1496 Petrus
3126 1456 3264 1504 erat,
3315 1442 3409 1511 qui
3438 1445 3649 1497 vultum

2073 1531 2193 1600 ejus
2225 1532 2529 1586 naturalem
2583 1531 2801 1586 videbat
2832 1552 2844 1585 :
2883 1532 2977 1601 qui
3011 1541 3066 1587 et
3116 1533 3193 1586 ait
3243 1533 3311 1586 ad
3368 1550 3467 1590 nos
3498 1556 3508 1588 :
3538 1535 3650 1590 Cur

2069 1624 2434 1679 exsecramini
2489 1632 2698 1694 patrem
2752 1626 3036 1681 vestrum?
3073 1625 3173 1679 Cui
3216 1642 3317 1681 nos
3366 1644 3471 1681 una
3521 1645 3646 1684 cum

2070 1721 2243 1768 matre
2272 1715 2654 1782 respondimus
2691 1734 2702 1769 :
2744 1713 2842 1768 Hic
2874 1715 3032 1769 nobis
3071 1714 3257 1769 Simon
3284 1716 3517 1780 videtur,
3550 1734 3648 1773 vo-

2069 1823 2183 1862 cem
2219 1807 2422 1861 habens
2454 1807 2621 1877 patris
2658 1807 2852 1862 nostri.
2888 1806 2953 1860 Et
2978 1806 3170 1863 Petrus
3196 1827 3209 1862 :
3234 1808 3402 1865 Vobis
3426 1811 3644 1879 quidem

2067 1914 2172 1954 vox
2202 1900 2321 1969 ejus
2351 1916 2473 1970 quae
2503 1901 2789 1955 maleficiis
2831 1907 3040 1953 mutata
3090 1916 3198 1954 non
3228 1910 3331 1965 est,
3368 1903 3482 1956 sola
3514 1914 3643 1958 nota

2065 2001 2181 2059 est;
2217 1992 2348 2045 mihi
2383 2000 2565 2047 autem
2607 1994 2772 2047 etiam
2819 1994 3003 2047 vultus
3036 1992 3177 2065 ejus,
3221 1994 3314 2062 qui
3356 1994 3479 2049 aliis
3525 2002 3644 2051 arte

2068 2083 2307 2138 Simonis
2330 2092 2574 2139 mutatus
2608 2092 2853 2154 apparet,
2890 2082 3231 2138 Faustiniani
3267 2086 3439 2154 patris
3471 2085 3640 2141 vestri

2062 2182 2225 2229 notus
2250 2183 2351 2229 est.
2390 2174 2455 2227 Et
2478 2174 2695 2228 intuens
2723 2183 2928 2242 patrem
2952 2174 3028 2226 ait
3066 2193 3077 2227 :
3106 2174 3283 2229 Causa
3309 2191 3429 2245 quae
3450 2174 3641 2245 conju-

2060 2283 2181 2337 gem
2215 2275 2362 2320 tuam
2394 2268 2685 2321 conturbat
2710 2281 2773 2319 ac
2813 2265 2977 2329 filios,
3014 2266 3128 2321 haec
3152 2278 3255 2329 est,
3284 2269 3494 2337 species
3520 2269 3639 2324 vul-

2060 2368 2150 2415 tus
2183 2360 2235 2414 in
2266 2367 2319 2414 te
2348 2375 2459 2413 non
2488 2360 2705 2415 videtur
2730 2360 2821 2413 illa
2847 2376 2968 2430 quae
2993 2360 3116 2425 fuit,
3153 2361 3248 2417 sed
3282 2362 3451 2417 facies
3479 2379 3637 2419 exse-

2058 2452 2247 2505 crandi
2292 2449 2531 2506 Simonis
2562 2452 2617 2505 in
2643 2460 2695 2507 te
2730 2461 2974 2521 apparet.

2128 2538 2262 2595 LIV.
2298 2539 2365 2593 Et
2403 2556 2527 2594 cum
2563 2541 2679 2595 haec
2717 2542 2945 2604 diceret,
2979 2556 3262 2611 regressus
3299 2544 3522 2613 quidam
3565 2561 3634 2601 ex

2056 2631 2142 2686 his
2171 2632 2263 2701 qui
2297 2632 2637 2685 Antiochiam
2688 2640 3108 2701 praecesserunt,
3151 2633 3371 2689 dicebat
3409 2636 3479 2690 ad
3527 2636 3631 2693 Pe.

2054 2730 2198 2778 trum
2231 2742 2242 2777 :
2281 2722 2433 2777 Scire
2464 2733 2515 2777 te
2540 2724 2684 2787 volo,
2715 2724 2933 2778 domine
2959 2724 3029 2777 mi
3068 2723 3247 2791 Petre,
3281 2727 3409 2797 quia
3442 2728 3632 2785 Simon

2053 2816 2194 2886 apud
2217 2815 2556 2869 Antiochiam
2588 2816 2804 2885 publice
2836 2817 3005 2870 multa
3029 2816 3234 2874 faciens
3256 2820 3408 2889 signa
3433 2830 3486 2874 et
3503 2836 3625 2891 pro.

2050 2909 2217 2981 digia,
2259 2911 2395 2965 nihil
2426 2912 2574 2966 aliud
2606 2912 2806 2982 populo
2850 2914 3125 2981 persuasit
3160 2916 3268 2969 nisi
3300 2932 3420 2986 quae
3446 2918 3513 2973 ad
3547 2918 3627 2973 tui

2051 2987 2234 3056 odium
2266 3002 2562 3072 pertinent,
2600 3021 2815 3075 magum
2849 3014 2901 3061 te
2941 3008 3256 3070 nominans,
3292 3007 3621 3071 maleficum,

372 3079 503 3119 cum
535 3066 811 3128 Clemente
835 3074 901 3129 de
929 3080 1135 3145 genesi.
1168 3080 1234 3135 Et
1267 3083 1463 3143 Petrus
1500 3107 1513 3144 :
1548 3066 1829 3158 Permitto,
1864 3096 1947 3149 in-
1973 3103 2020 3165 ς
2051 3066 2402 3160 homicidam,
2434 3106 2487 3152 et
2517 3098 2570 3151 in
2614 3105 2828 3153 tantum
2862 3115 2955 3154 eos
3007 3101 3293 3155 adversum
3337 3110 3391 3155 te
3438 3101 3622 3155 odium

376 3161 516 3229 quit,
542 3169 596 3217 et
629 3163 791 3219 laudo
820 3168 962 3233 quod
996 3172 1204 3229 amicos
1227 3178 1391 3245 colis;
1413 3191 1789 3240 verumtamen
1808 3202 1941 3242 con-

376 3251 578 3318 sidera,
610 3257 882 3325 quomodo
914 3275 1008 3329 per
1047 3265 1444 3332 providentiam
1485 3270 1580 3327 Dei
1611 3278 1793 3330 omnia
1842 3279 1943 3334 tibi

373 3360 441 3402 ex
470 3350 740 3433 sententia
767 3364 1134 3425 concurrant;
1164 3374 1296 3415 ecce
1320 3363 1466 3416 enim
1501 3382 1611 3421 non
1641 3371 1816 3424 solum
1855 3372 1940 3426 af-

372 3435 537 3494 fectio
566 3441 662 3496 tibi
695 3444 936 3514 propria,
970 3446 1080 3503 Deo
1108 3460 1421 3521 praestante,
1437 3469 1686 3527 reparata
1709 3469 1811 3526 est,
1844 3464 1939 3518 sed

371 3536 427 3583 et
460 3531 758 3587 amicorum
791 3539 1078 3605 praesentia
1110 3533 1455 3608 procuratur.
1486 3547 1553 3601 Et
1577 3558 1727 3619 pater
1755 3570 1769 3606 :
1808 3551 1961 3621 Vere,

372 3622 567 3692 inquit,
599 3624 821 3681 adverto
850 3630 923 3683 ita
943 3646 1083 3697 esse,
1118 3641 1179 3688 ut
1206 3635 1364 3692 dicis.
1398 3637 1463 3692 Et
1485 3654 1608 3694 cum
1634 3641 1748 3697 haec
1769 3644 1953 3700 dixis.‘

369 3722 472 3776 set,
503 3714 638 3769 abiit
666 3717 733 3771 ad
764 3717 1125 3779 Anubionem.

436 3805 569 3864 Llll.
601 3808 711 3865 Nos
740 3819 920 3868 autem
951 3830 1073 3869 cum
1098 3814 1260 3872 Petro
1290 3819 1453 3889 positi
1492 3835 1588 3892 per
1639 3831 1802 3879 totam
1835 3841 1934 3881 no-

364 3907 509 3954 ctem
531 3901 917 3975 interrogando
940 3906 1006 3962 de
1028 3907 1261 3966 diversis
1283 3916 1337 3965 et
1357 3910 1616 3968 discendo
1636 3914 1705 3969 ab
1724 3930 1809 3981 eo,
1833 3915 1929 3971 dc-

472 4078 514 4109 "
539 4077 727 4134 Matth.
756 4094 835 4147 xi,
862 4081 951 4137 50.

2048 3187 2363 3249 concitavit,
2399 3195 2460 3242 ut
2516 3203 2843 3258 magnopere
2870 3188 3203 3252 desiderent,
3239 3189 3286 3245 si
3309 3199 3360 3244 te
3388 3205 3622 3259 usquam

2046 3276 2289 3332 invenire
2320 3286 2542 3347 queant,
2567 3280 2730 3333 etiam
2764 3293 2959 3333 carnes
2990 3288 3112 3333 tuas
3141 3280 3437 3346 devorare;
3467 3288 3519 3334 et
3549 3281 3621 3336 ob

2046 3366 2148 3421 hoc
2177 3382 2278 3421 nos
2307 3368 2399 3437 qui
2432 3369 2700 3438 prremissi
2732 3384 2923 3424 sumus
2944 3410 2957 3432 ,
2995 3368 3242 3424 videntes
3280 3371 3438 3429 valde
3468 3386 3621 3425 com-

2042 3465 2246 3512 motam
2277 3467 2468 3513 contra
2498 3467 2551 3513 te
2581 3462 2881 3526 civitatem,
2914 3461 3131 3515 occulte
3174 3462 3229 3516 in
3271 3479 3443 3517 unum
3484 3479 3619 3519 con—

2042 3550 2321 3605 venientes
2352 3551 2834 3606 considerabamus
2867 3553 2995 3621 quid
3035 3553 3151 3607 fieri
3178 3561 3473 3623 oporteret.

2113 3639 2225 3695 LV.
2256 3641 2503 3712 Cumque
2539 3644 2748 3697 nullum
2787 3645 3099 3699 videremus
3137 3647 3344 3701 exitum
3391 3647 3489 3712 rei,
3522 3664 3617 3703 su-

2039 3733 2284 3803 pervenit
2338 3732 2628 3790 Cornelius
2673 3737 2943 3801 centurio,
2994 3738 3195 3791 missus
3230 3752 3261 3790 a
3303 3737 3517 3793 Caesare
3545 3738 3613 3792 ad
3668 3812 3673 3831 ί

2037 3824 2322 3893 praesidem
2347 3825 2609 3881 Caesareae
2639 3828 2841 3897 publici
2866 3829 3068 3899 negotii
3096 3829 3309 3899 gratia;
3344 3829 3489 3884 hunc
3518 3845 3613 3883 ac-

2037 3916 2304 3973 cersimus
2340 3918 2407 3972 ad
2437 3932 2538 3973 nos
2582 3918 2781 3983 solum,
2818 3934 3149 3989 causamque
3188 3920 3237 3974 ei
3287 3936 3393 3990 qua
3427 3924 3609 3977 moesti
3670 3918 3703 3933 “’

1612 4234 1979 4292 COTELERII
2046 4233 2270 4291 NOTAE.

427 4412 536 4501 (60)
557 4411 841 4501 Αρρξρῃεηι
868 4411 1339 4501 Plistonic’ensem._
1368 4414 1642 4485 Epitomes
1678 4430 1732 4501 ξ.
1767 4418 1871 4501 1.ξό
1907 4437 1919 4473 :

2050 4418 2095 4474 le
2124 4432 2506 4501 cognomento.
2530 4425 2916 4501 mammam
2938 4441 3045 4501 ngn
3069 4427 3321 4501 verterim
3355 4429 3596 4491 Plistoni-

366 4483 607 4555 Ἀππίων
628 4484 1082 4555 ὁνΠλειστονίκης
1108 4483 1547 4540 Clementmorum
1572 4503 1645 4551 ιν,
1675 4486 1709 4540 6
1738 4506 1752 4541 :
1793 4489 1919 4542 Ἀπο

358 4554 530 4627 πίωνα
550 4556 640 4627 τὸν
666 4554 1290 4627 ΙΙλειστονίκηνίᾸηεὶεηὶ
1313 4565 1494 4611 tamen
1524 4557 1614 4611 isti
1645 4573 1915 4627 gramma-

356 4624 601 4698 tic_o,_qui
626 4640 656 4678 a
679 4623 1230 4698 Tiberio‘cymbaluni
1262 4627 1447 4682 mundi
1478 4623 1778 4687 dicebatur.
1800 4646 1920 4698 pro—

355 4693 439 4767 cul
462 4693 631 4767 dubio
661 4710 856 4767 nomen
890 4693 990 4749 fuit
1024 4696 1239 4760 Ἀπίων,
1287 4697 1484 4767 Apion,
1540 4704 1599 4750 ut
1642 4693 1915 4754 interdum

330 4763 609 4838 exhibent
630 4765 849 4838 co_dice_s
878 4768 1237 4838 mss.quibus
1266 4763 1351 4822 usi
1381 4777 1774 4838 sumus,utque
1804 4769 1916 4824 fere

353 4847 566 4900 semper
598 4835 651 4907 in
674 4834 871 4907 Gmcis
905 4834 1069 4907 ljbris'
1094 4839 1356 4907 scriptum
1387 4838 1651 4893 invenies.
1685 4834 1790 4893 Sed
1823 4855 1913 4895 er-

350 4910 544 4979 [aiunt
578 4905 869 4973 aliquando
897 4904 1068 4979 Crazci
1100 4904 1261 4979 etiam
1309 4908 1623 4979 antiquarii.
1659 4909 1813 4964 Unde
1857 4912 1913 4965 in

351 4968 582 5025 Tatiano
628 4968 1037 5048 récte__quidem
1086 4994 1138 5047 p.
1176 4977 1278 5032 164
1321 4968 1516 5048 legitur
1552 4979 1828 5044 Ἀπίωνος,
1860 4990 1914 5034 at

349 5056 634 5119 perperam
668 5058 721 5119 pg.
763 5046 866 5098 172
904 5046 1165 5104 excusum
1199 5057 1279 5103 est
1297 5046 1557 5111 Ἀτὶπὶων,
1594 5065 1716 5119 cum
1769 5052 1911 5119 apud

353 5112 647 5189 Eusebium
681 5112 927 5189 Prrepqr.
950 5135 1155 5189 evang.,
1188 5119 1282 5174 lib.
1317 5136 1372 5183 x,
1415 5135 1463 5173 c.
1499 5119 1586 5189 η,
1637 5118 1693 5172 in
1723 5112 1911 5175 eodem

350 5178 565 5260 Tatiani
596 5182 714 5260 loco
738 5178 932 5239 ’Airtwv
951 5178 1225 5243 cernatur.
1257 5178 1410 5255 Quod
1440 5198 1506 5242 ad
1534 5178 1757 5245 Latinos
1786 5207 1910 5260 spe-

347 5256 482 5328 ctat,
510 5253 713 5328 Appian
736 5263 914 5328 p_otest
933 5253 1359 5328 e_sse_auctorum
1388 5274 1562 5320 error,
1596 5267 1769 5328 potest
1790 5253 1911 5316 esse

348 5320 909 5399 iibrariorum.__Certe
957 5326 1009 5399 in
1034 5326 1236 5399 __Plinio
1268 5332 1437 5399 Apion
1466 5320 1743 5385 scribitur.
1779 5329 1907 5386 ltem

346 5390 632 5471 in'Adonis
657 5387 936 5471 Chronico,
959 5395 1013 5471 in
1034 5396 1258 5454 Honorii
1281 5387 1797 5471 Augustodunensis
1810 5402 1919 5459 Ca-

337 5456 540 5532 ιιζιοθρ,
576 5470 629 5517 et
659 5465 710 5517 in
742 5464 1068 5532 quibusdam
1106 5484 1240 5523 mss.
1273 5486 1337 5525 ac
1366 5456 1699 5526 e'ditionibus
1724 5456 1908 5525 His-to-

345 5530 441 5605 ria:
472 5530 787 5605 Eusebiana:
829 5548 860 5587 a
909 5534 1105 5589 Rulino
1152 5542 1448 5604 translatae,
1493 5542 1589 5597 lib.
1612 5556 1696 5605 ιιι,
1735 5556 1784 5595 c.
1814 5542 1902 5597 38.

2025 4506 2247 4566 seruem,
2278 4496 2435 4566 quasi
2470 4511 2535 4550 ex
2571 4496 2779 4566 patria;
2826 4498 2919 4551 sed
2959 4496 3317 4562 Plistonicem,
3373 4514 3594 4562 secutus

2019 4559 2257 4643 Plinium
2287 4559 2340 4617 et
2368 4559 2654 4643 Agelliu'm.
2690 4564 2979 4643 Sic_aute_r_n
3017 4568 3280 4643 Apionem
3307 4559 3593 4643 cognomi;

2018 4642 2218 4709 narunt
2273 4636 2418 4702 quod
2466 4637 2520 4689 in
2570 4637 2869 4709 certamine
2917 4636 3181 4691 litterario
3230 4636 3592 4709 sarpe'victor

2017 4702 2314 4784 exstitisset
2340 4714 2623 4784 ;-qua:_est
2649 4708 2941 4784 multorum
2976 4709 3277 4784 sentemia:
3306 4702 3394 4784 vel
3427 4729 3455 4768 a
3492 4733 3589 4784 pa-

2017 4778 2097 4845 t_re
2145 4771 2465 4845 Plistonice;
2512 4776 2665 4845 juxta
2714 4778 3092 4831 doctissimum
3151 4771 3587 4842 Salmasium'ad

2014 4839 2419 4916 I_nsc_riplionem
2444 4839 2678 4913 Reqillw,
2708 4862 2760 4915 p.
2794 4848 2863 4902 90
2887 4857 2939 4901 et
2963 4848 3278 4916 praefatione
3304 4851 3358 4905 in
3389 4839 3585 4910 librum

2021 4910 2107 4992 ρο.
2128 4913 2457 4992 fratrionqmis
2490 4910 2927 4992 Hqusfalricw,
2962 4910 3111 4992 p_._40
3129 4935 3195 4974 ex
3224 4921 3331 4984 his,
3364 4925 3584 4992 opinor,

2017 4979 2214 5045 SllidiB,
2237 4979 2451 5049 ’Λτξίω-ι,
2496 4979 3192 5043 όᾟλειστονίκοὺῘνεινιιιη
3246 4979 3369 5045 cum
3401 4979 3586 5049 'Suida

2014 5051 2339 5130 salmasium
2394 5057 2658 5130 refellunt
2694 5057 2949 5130 Justinus
2990 5060 3191 5130 Martyr
3214 5061 3586 5119 Coliortatione

2011 5122 2082 5197 ad
2111 5123 2342 5197 Grqcos,
2377 5141 2432 5194 p.
2461 5128 2515 5189 9,
2552 5134 2605 5181 et
2636 5128 2928 5182 Africanus
2964 5131 3103 5197 apud
3130 5122 3426 5186 Eusebium
3460 5149 3584 5188 cum

2010 5193 2173 5274 lihzx
2202 5193 2500 5274 Prwpdrgt.
2528 5213 2743 5274 (euang,
2768 5214 2817 5274 c.
2851 5200 2940 5274 if),
2978 5193 3092 5253 tum
3123 5201 3406 5274 Χρρνικόξν
3441 5201 3584 5274 λόγῳ

2010 5262 2228 5339 πρώτῳ,
2266 5262 2390 5337 pag.
2424 5266 2515 5331 26,
2548 5262 2680 5322 dum
2718 5262 2909 5338 Apioni
2941 5278 3149 5339 patrem
3179 5262 3323 5325 'dant
3356 5262 3583 5328 Posido-

2008 5348 2180 5388 mum.

2081 5404 2192 5476 (6i)
2243 5406 2462 5461 Vultum
2510 5410 2564 5463 in
2610 5426 2669 5463 eo
2711 5408 2944 5465 Simonis
2974 5412 3225 5476 videntes,
3258 5421 3363 5467 etc.
3399 5412 3580 5468 indili-

2007 5489 2160 5548 gens.
2180 5484 2264 5531 est
2312 5481 2365 5532 in
2398 5479 2563 5548 hujus
2602 5481 2705 5535 loci
2737 5489 2789 5536 et
2820 5480 3031 5536 fabellae
3059 5487 3578 5539 commemoratione

2008 5545 2352 5612 Hincmarus,
2387 5545 2592 5608 relatus
2637 5552 2691 5604 in
2725 5549 3076 5607 Testimoniis
3110 5549 3385 5607 Veterum.
3438 5552 3577 5612 Lege

342 5599 499 5660 ADud
532 5600 791 5695 Senecam
832 5620 981 5695 vero,
1012 5606 1316 5695 Agerinum,
1331 5599 1746 5695 Tertullianurn,
1776 5611 1904 5667 Hie-
2003 5599 2591 5695 ciiaﬁcéaiéxidiﬁ'ﬁf
2616 5599 3574 5693 1-ἷὸξᾶ

345 5683 651 5763 τοηγιξδυιῃ,
676 5671 991 5763 ..Ιοςεξρξῖωη
1023 5671 1226 5763 ﬁliifilii,
1271 5676 1601 5763 Haymonem
1625 5671 1900 5763 aliosque,

318 5754 466 5796 cum
492 5743 689 5813 duplici
711 5759 744 5813 ρ
763 5743 1067 5817 ediderunt.
1093 5743 1369 5806 Hactenus
1398 5751 1477 5823 de.
1493 5753 1731 5809 nomine.
1750 5743 1904 5809 Nunc

2005 5702 2059 5756 p.
2093 5686 2218 5743 242.
