4022 6274
490 347 627 406 1447

1338 337 1379 391 S
1430 332 1821 391 CLEMENTIS
1853 334 1872 388 1
1903 333 2072 389 BOI.
2107 331 2307 386 Ροκτ.
2338 330 2570 388 OPERA
2604 330 2828 387 DL'BLL

3587 328 3725 383 ηις

460 477 710 521 essemus
737 474 1093 531 exponimus,
1130 470 1193 509 ac
1244 470 1290 508 si
1322 451 1451 522 quid
1496 459 1717 521 posset,
1744 456 1805 501 ut
1830 447 2047 516 juvaret
2073 456 2119 511 Α
2148 440 2246 495 tibi
2273 440 2497 510 ‘amicos
2536 454 2566 492 a
2608 455 2777 510 puero
2818 438 2987 531 fuisse
3023 438 3267 531 dixeras,
3298 454 3407 492 non
3665 447 3725 491 ut

463 557 767 613 hortamur.
816 550 955 606 Tum
1011 550 1099 603 ille
1154 544 1557 617 promptissime
1606 540 1934 609 repromittit
1982 553 2043 593 se

460 666 586 705 eum
636 651 884 719 protinus
932 643 1267 713 fugaturum,
1318 638 1365 691 si
1401 644 1587 689 tamen
1632 632 1867 689 consilio
1921 631 2042 699 ejus

462 738 628 794 etiam
664 751 765 790 nos
805 732 1201 787 adniteremur.
1235 724 1482 792 Cumque
1516 736 1617 775 nos
1658 719 2043 789 polliceremur

464 829 693 899 impigre
723 834 918 882 cuncta
955 832 1227 894 gesturos,
1260 820 1337 873 ait
1362 838 1373 870 :
1398 817 1583 870 Czesar
1614 816 1666 868 in
1710 813 1841 867 urbe
1870 810 2041 863 Roma

463 930 517 977 et
546 937 639 991 per
663 918 971 989 provincias
997 914 1273 969 maleficos
1304 909 1505 979 inquiri
1535 906 1701 976 jussit
1724 921 1787 958 ac
1826 902 2039 974 perimi,

463 1028 527 1067 ex
557 1012 756 1082 quibus
788 1009 1003 1078 plurimi
1026 1008 1137 1075 jam
1168 1003 1430 1075 perempti
1461 1006 1608 1055 sunt.
1643 997 1756 1067 Ego
1782 997 1946 1065 igitur
1967 994 2046 1048 dio

466 1103 701 1172 vulgabo
730 1118 823 1170 per
860 1101 1090 1163 amicos,
1124 1113 1209 1149 me
1250 1105 1307 1148 ut
1330 1096 1493 1149 istum
1546 1106 1762 1160 magum
1794 1103 2042 1156 caperem

468 1198 709 1253 venisse,
749 1200 801 1245 et
829 1190 898 1243 ob
926 1192 1027 1243 hoc
1060 1187 1283 1241 missum
1323 1201 1350 1238 a
1375 1184 1607 1245 Czcsare,
1641 1198 1750 1250 quo
1769 1182 1931 1234 etiam
1956 1179 2043 1233 hic

467 1301 588 1339 cum
625 1284 835 1336 caeteris
874 1282 989 1335 suis
1022 1280 1189 1333 sociis
1236 1279 1515 1348 puniatur.
1552 1273 1735 1328 Vestri
1777 1287 1907 1341 ergo
1950 1272 2043 1341 qui

469 1390 594 1428 eum
631 1373 748 1442 ipso
777 1379 903 1425 sunt
932 1371 1145 1423 occulte
1170 1371 1322 1438 quasi
1358 1366 1721 1433 undecunque
1751 1361 2042 1423 audierint,

477 1465 717 1519 indicent
747 1463 794 1515 ei
821 1460 967 1533 quod
998 1477 1099 1530 ego
1131 1460 1197 1513 ad
1249 1460 1424 1529 ipsum
1482 1455 1807 1525 capiendum
1844 1453 2045 1507 missus

469 1558 597 1617 sim,
628 1563 682 1611 et
710 1564 915 1607 eertum
948 1561 1052 1615 est,
1082 1553 1228 1622 quod
1257 1566 1379 1605 cum
1415 1549 1667 1613 audierit,
1703 1547 1875 1616 fugiat
1907 1566 1920 1599 :
1954 1553 2046 1599 aut

466 1648 510 1701 si
543 1664 635 1702 vos
665 1645 869 1717 aliquid
899 1634 1096 1701 melius
1121 1644 1338 1707 videtis,
1366 1642 1551 1695 dicite.
1582 1640 1722 1706 Quid
1756 1639 1950 1709 plura?
1970 1639 2044 1691 ita

466 1737 667 1793 factum
697 1747 825 1792 esta
864 1739 1068 1793 nostris
1101 1736 1340 1806 quicum
1372 1736 1490 1804 ipso
1514 1741 1692 1794 erant,
1726 1731 2046 1801 explorandi

2142 547 2269 587 cum
2302 531 2526 587 Simone
2562 532 2886 598 loquereris.
2924 530 2989 583 Et
3012 539 3209 600 pater:
3238 528 3489 593 Peccavi,
3523 532 3722 600 inquit,

2143 624 2339 678 fateor.
2395 623 2533 677 Tum
2576 622 2870 677 Anuhion:
2904 622 2967 674 Et
3011 638 3132 692 ego,
3180 623 3379 692 inquit,
3428 638 3556 676 cum
3604 626 3727 692 ipso

2142 731 2275 786 rogo
2305 724 2359 769 et
2386 716 2648 785 deprecor
2676 723 2750 777 te,
2788 722 2847 767 ut
2880 716 3133 785 ignoscas
3166 716 3305 775 seni,
3334 716 3455 768 viro
3477 715 3629 768 bono
3671 728 3727 770 et

2142 824 2444 879 generoso;
2475 807 2734 861 seductus
2763 818 2845 860 est
2883 806 3065 860 infelix
3112 814 3165 860 et
3198 807 3436 861 ludibrio
3469 806 3655 862 factus
3694 823 3725 860 ι

2142 902 2423 954 nominato
2454 915 2640 968 mago;
2666 899 2843 952 dicam
2865 900 3008 951 enim
3028 900 3298 968 quomodo
3322 915 3407 954 res
3428 908 3581 969 gesta
3604 908 3722 953 est:

2144 990 2249 1045 Ubi
2299 991 2447 1044 venit
2502 989 2570 1043 ad
2619 990 2939 1044 salutandos
2980 1006 3101 1053 nos,
3147 992 3377 1060 contigit
3414 999 3473 1043 ut
3518 993 3575 1044 in
3608 993 3728 1060 ipsa

2145 1082 2276 1135 hora
2304 1080 2791 1134 circumstaremus
2827 1079 3130 1143 Simonem,
3168 1081 3453 1133 audientes
3485 1096 3613 1134 eum
3642 1081 3725 1134 di—

2144 1177 2356 1224 centem
2398 1168 2544 1238 quod
2601 1166 2787 1239 fugere
2832 1169 2963 1222 velit
3009 1170 3065 1222 in
3112 1169 3229 1239 ipsa
3275 1178 3467 1235 nocte;
3504 1170 3727 1224 audisse

2144 1262 2288 1313 enim
2324 1276 2403 1323 se,
2431 1259 2577 1329 quod
2599 1259 2847 1313 venerint
2878 1259 3101 1329 quidam
3131 1262 3294 1314 etiam
3322 1261 3389 1314 ad
3420 1262 3561 1315 hanc
3584 1261 3725 1315 Lao~

2143 1352 2301 1406 dicize
2328 1353 2627 1418 civitatem,
2668 1352 2761 1421 qui
2791 1366 2915 1405 eum
2955 1368 3021 1406 es
3070 1362 3341 1423 praecepto
3368 1354 3724 1423 imperatoris

2144 1444 2698 1512 comprehenderent;
2720 1444 2862 1497 velle
2885 1450 3065 1497 autem
3091 1459 3150 1499 se
3179 1444 3234 1497 in
3268 1445 3414 1498 hunc
3438 1445 3533 1514 qui
3554 1460 3726 1513 nuper

2146 1537 2431 1606 ingressus
2461 1547 2544 1591 est
2569 1536 2983 1591 Faustinianum
3023 1552 3239 1592 omnem
3274 1546 3601 1592 convertere
3642 1538 3725 1592 fu-

2146 1644 2347 1683 rorem.
2396 1628 2461 1681 Et
2498 1630 2576 1682 ait
2608 1628 2676 1681 ad
2718 1645 2820 1683 nos
2846 1645 2861 1680 :
2892 1628 3152 1692 Tantum,
3197 1630 3395 1698 inquit,
3434 1646 3533 1684 vos
3564 1629 3725 1684 facite

2146 1736 2269 1774 eum
2299 1734 2521 1775 camare
2542 1721 2851 1784 nobiscum,
2887 1729 2942 1775 et
2969 1736 3070 1792 ego
3099 1730 3432 1791 unguentum
3452 1722 3726 1792 quoddam

464 1831 635 1899 gratia
668 1829 933 1885 simulati.
977 1827 1078 1883 Ubi
1108 1828 1299 1881 didicit
1331 1824 1518 1879 Simon
1559 1834 1776 1877 ventum
1821 1838 1944 1877 esse
1975 1822 2041 1875 ad
2074 1811 2117 1869 B
2145 1829 2489 1883 componam,
2522 1829 2632 1883 quo
2654 1822 2905 1870 comatus
2936 1826 3203 1885 perungat
3234 1815 3424 1869 faciem
3456 1831 3640 1877 suam,
3672 1828 3730 1872 ut

465 1938 543 1983 se,
579 1930 832 1987 tanquam
866 1918 1056 1989 ingens
1088 1916 1188 1971 sibi
1223 1914 1546 1970 beneficium
1577 1913 1839 1965 collatum
1871 1911 1940 1964 ah
1960 1912 2040 1964 cis

466 2011 758 2079 accipiens,
789 2010 840 2061 in
877 2008 1057 2077 fugam
1082 2022 1275 2061 versus
1303 2014 1405 2061 est.
1451 2004 1746 2059 Discedens
1779 2002 1947 2071 igitur
1974 2016 2039 2055 ex

464 2101 775 2162 Antiochia,
818 2115 940 2153 cum
977 2099 1331 2153 Athenodoro
1364 2098 1471 2150 huc
1515 2095 1664 2149 venit
1708 2095 1851 2148 s'r.ut
1883 2092 2044 2145 audi-

467 2192 663 2247 vimus.

536 2279 665 2334 LVI.
702 2277 814 2333 Iloc
843 2293 973 2348 ergo
1003 2278 1178 2333 visum
1212 2286 1298 2333 est
1324 2276 1479 2332 nobis
1507 2274 1764 2331 omnibus
1792 2274 1885 2342 qui
1907 2288 2045 2343 prte-

466 2373 755 2435 cessimus,
791 2379 847 2424 ut
871 2371 1088 2425 interim
1106 2386 1253 2424 nunc
1268 2384 1374 2423 non
1393 2366 1658 2423 ascendas
1675 2364 2042 2427 Antiochiam,

466 2479 752 2536 usquequo
780 2464 1065 2518 videamus
1099 2462 1145 2517 si
1199 2462 1292 2515 illo
1341 2459 1653 2515 discedente
1681 2458 1867 2511 odium
1899 2454 2045 2525 quod

468 2558 537 2613 de
562 2566 614 2613 te
657 2558 857 2629 populo
889 2555 1201 2618 seminavit,
1236 2554 1416 2623 aliqua
1450 2568 1514 2606 ex
1561 2559 1717 2621 parte
1758 2557 2040 2603 vacuetur.

465 2651 602 2705 Cum
633 2650 745 2703 hzec
774 2650 1103 2702 insinuasset
1135 2647 1181 2701 is
1226 2646 1317 2715 qui
1357 2643 1424 2697 de
1467 2642 1759 2696 Antiochia
1797 2646 2043 2705 venerat,

468 2738 665 2793 Petrus
707 2738 1011 2807 respiciens
1040 2735 1104 2789 ad
1138 2742 1347 2805 patrem
1381 2740 1630 2787 nostrum
1664 2733 1739 2785 ait
1778 2750 1790 2784 :
1824 2728 2039 2783 Fausti-

467 2831 652 2893 niane,
704 2846 733 2883 a
795 2829 1020 2883 Simone
1064 2825 1220 2897 Mago
1251 2824 1676 2879 transformatus
1728 2829 1814 2876 est
1864 2821 2046 2873 vultus

466 2927 620 2984 tuus,
660 2922 801 2975 sicut
842 2926 1100 2989 apparet;
1160 2926 1358 2986 putans
1390 2918 1533 2971 enim
1584 2915 1731 2985 quod
1774 2929 1803 2966 a
1831 2912 2047 2967 Cresare

467 3022 803 3083 quaereretur
830 3011 893 3063 ad
927 3024 1164 3080 pcenam,
1196 3010 1421 3063 territus
1456 3008 1590 3075 fugit
1634 3014 1687 3059 et
1732 3019 1890 3059 suum
1929 3000 2048 3055 vul-

469 3109 580 3153 tum
606 3101 701 3154 tibi
749 3101 1027 3169 imposuit,
1064 3100 1107 3154 si
1138 3098 1275 3153 forte
1299 3108 1353 3153 tu
1391 3113 1487 3167 pro
1520 3098 1638 3165 ipso
1672 3094 1948 3163 capereris
1993 3096 2047 3145 et

468 3194 535 3248 ad
564 3201 791 3248 mortem
825 3192 947 3245 duci
983 3206 1196 3261 posses,
1232 3198 1289 3244 ut
1321 3190 1445 3242 filiis
1471 3188 1579 3241 tuis
1619 3185 1897 3238 tristitiam
1926 3196 2042 3235 mo-

467 3294 638 3340 veret.
692 3283 850 3338 Pater
886 3297 1012 3339 vero
1046 3283 1137 3337 ubi
1175 3283 1287 3335 haec
1330 3279 1558 3343 audivit,
1605 3291 1728 3330 cum
1784 3275 2040 3345 Iacrymis

468 3377 780 3431 exclamans
808 3394 819 3427 :
850 3373 1033 3436 Recte,
1069 3373 1265 3442 inquit,
1299 3370 1603 3433 azstimasti,
1629 3368 1802 3429 Petre.
1838 3382 1959 3421 nam
1989 3373 2041 3420 et

470 3468 722 3521 Anubiou
748 3467 874 3534 quia
909 3465 1037 3518 mihi
1064 3465 1215 3518 valde
1239 3463 1451 3517 amicus
1484 3471 1620 3526 erat,
1652 3464 1753 3517 sub
1782 3461 2041 3531 mysterio

467 3554 705 3626 quodam
734 3553 865 3606 mihi
891 3553 1132 3607 indicare
1162 3559 1403 3621 coeperat
1436 3551 1500 3604 de
1524 3550 1735 3604 insidiis
1758 3548 1900 3617 ejus,
1945 3548 2039 3601 sed

469 3648 654 3704 infelix
690 3664 795 3701 nou
830 3646 1138 3710 credebam,
1167 3647 1298 3715 quia
1330 3645 1466 3698 nihil
1508 3645 1561 3699 in
1593 3658 1715 3698 eum
1750 3640 2039 3695 commise-

468 3756 583 3796 ram
617 3741 763 3794 mali.

540 3830 695 3886 LVII.
721 3834 967 3900 Cumque
1000 3844 1189 3885 omnes
1227 3844 1335 3881 una
1376 3844 1498 3883 cum
1546 3834 1701 3897 patre
1730 3826 1949 3880 tristitia
1988 3835 2041 3879 et

469 3923 720 3993 lacrymis
744 3938 1049 3992 ageremur,
1076 3923 1283 3975 interea
1309 3926 1359 3971 et
1385 3920 1634 3973 Anubion
1660 3918 1803 3973 venit
1833 3918 1897 3971 ad
1918 3933 2036 3981 nos,

470 4013 717 4067 indicans
772 4014 928 4068 nobis
963 4012 1238 4067 Simonem
1285 4012 1489 4080 fugisse
1544 4025 1638 4079 per
1688 4017 1920 4074 noctem,
1953 4008 2041 4062 Ju-

467 4105 637 4159 daeum
692 4114 985 4175 petentem.
1035 4103 1239 4159 Videtis
1285 4111 1469 4158 autem
1529 4114 1733 4171 patrem
1792 4110 2039 4156 nostrum

468 4196 807 4265 plaugcntem
837 4202 890 4249 et
932 4196 1314 4248 lamentantem
1349 4208 1407 4246 se
1431 4208 1493 4246 ac
1516 4193 1783 4245 dicentem
1821 4212 1833 4246 :
1862 4190 2041 4246 Infeli-

466 4301 582 4339 cem
616 4301 721 4347 mc,
760 4286 852 4355 qui
887 4301 1009 4339 eum
1037 4301 1252 4355 magum
1288 4285 1516 4339 audiens
1567 4300 1677 4337 non
1719 4282 2038 4349 credebam;

466 4376 596 4446 quid
626 4378 755 4432 mihi
795 4378 995 4434 misero
1020 4381 1237 4443 accidit,
1270 4388 1329 4433 ut
1370 4394 1476 4434 una
1508 4379 1596 4433 die
1630 4379 1941 4448 recognitus
1971 4379 2039 4431 ab

2141 1920 2207 1959 ex
2234 1920 2299 1960 eo
2328 1920 2506 1960 meum
2539 1906 2749 1961 vultum
2778 1907 3040 1961 omnibus
3072 1907 3275 1961 habere
3308 1908 3598 1974 videatur;
3632 1926 3730 1966 vos

2142 2002 2321 2049 autem
2368 1996 2553 2050 herba:
2599 1995 2885 2063 cujusdam
2921 2012 3087 2051 succo
3137 1998 3306 2052 facies
3349 2002 3731 2069 perungemn‘i

2142 2087 2319 2156 prius,
2355 2096 2411 2140 ut
2437 2102 2545 2140 non
2577 2086 2841 2139 fallamini
2872 2088 2941 2141 de
2972 2088 3350 2144 immutatione
3379 2092 3562 2144 vultus
3585 2092 3729 2160 ejus,

2142 2179 2218 2231 ita
2249 2187 2328 2242 ut,
2364 2178 2609 2249 exceptis
2630 2176 2806 2240 vobis,
2843 2177 2965 2233 aliis
3002 2179 3259 2232 omnibus
3284 2178 3473 2234 Simon
3500 2195 3627 2235 esse
3652 2182 3733 2233 vi-

2142 2270 2355 2325 deatur.

2215 2360 2348 2417 LIX.
2400 2362 2618 2417 Etcum
2664 2364 2753 2417 ille
2812 2364 2925 2418 haec
2972 2363 3181 2418 diceret
3219 2361 3307 2416 aio
3349 2363 3417 2417 ad
3460 2379 3586 2418 eum
3620 2383 3635 2417 :
3666 2362 3732 2419 Et

2145 2455 2274 2525 quid
2311 2455 2409 2509 tibi
2430 2472 2492 2509 ex
2518 2455 2621 2510 hoc
2646 2454 2791 2510 facto
2822 2454 3104 2509 confertur
3131 2456 3303 2509 lucri?
3324 2454 3462 2508 Tum
3498 2457 3726 2511 Simon:

2145 2546 2349 2610 Primo,
2402 2548 2598 2617 inquit,
2652 2556 2709 2601 ut
2761 2547 2940 2616 ipsum
2993 2548 3465 2617 comprehendant
3505 2548 3602 2616 qui
3634 2562 3725 2601 me

2145 2647 2421 2710 quaerunt,
2448 2647 2502 2694 et
2536 2655 2619 2693 me
2649 2638 2903 2693 desinant
2933 2653 3195 2707 quaerere.
3239 2636 3294 2691 Si
3331 2654 3458 2691 vero
3504 2639 3729 2707 punitus

2147 2730 2312 2785 fuerit
2339 2746 2367 2784 a
2400 2731 2637 2795 Caesare,
2669 2739 2729 2784 ut
2770 2730 2977 2784 luctum
3010 2730 3308 2782 maximum
3349 2730 3589 2784 habeant
3634 2731 3727 2783 filii

2145 2824 2251 2884 sui,
2284 2823 2400 2892 qui,
2437 2836 2523 2875 me
2552 2822 2835 2887 derelicto,
2870 2821 3240 2891 confugerunt
3286 2821 3354 2874 ad
3401 2818 3626 2876 Petrum
3676 2832 3730 2875 et

2147 2923 2274 2969 sunt
2304 2914 2463 2967 modo
2502 2913 2783 2982 adjutores
2824 2914 3015 2983 ipsius.
3068 2912 3177 2983 Ego
3222 2922 3402 2967 autem
3464 2914 3733 2968 conﬁteor

2147 3007 2268 3068 tibi,
2300 3005 2479 3069 Petre,
2509 3007 2654 3076 quod
2672 3022 2858 3061 verum
2888 3014 3001 3073 est;
3024 3007 3179 3061 timui
3212 3015 3339 3060 tunc
3367 3005 3732 3061 Faustiniano

2156 3097 2404 3151 iudicare
2432 3097 2567 3160 haec,
2603 3099 2694 3152 sed
2735 3114 2909 3167 neque
2944 3098 3179 3168 spatium
3210 3099 3369 3153 nobis
3391 3098 3507 3168 ipse
3540 3098 3731 3155 Simon

2142 3188 2310 3254 dedit,
2346 3197 2405 3242 ut
2434 3204 2717 3258 possemus
2748 3191 3013 3245 secretius
3038 3191 3183 3260 loqui
3205 3198 3258 3245 et
3278 3192 3492 3261 plenius
3522 3192 3573 3246 ei
3599 3206 3732 3246 con-

2143 3282 2329 3336 silium
2371 3281 2615 3337 Simonis
2644 3285 2876 3352 aperire.
2908 3282 3117 3338 Interea
3140 3284 3286 3338 circa
3330 3284 3564 3339 mediam
3598 3301 3736 3339 noc-

2143 3382 2276 3437 tem,
2307 3373 2493 3429 Simon
2525 3375 2765 3429 Iudaeam
2802 3386 2995 3446 petens
3034 3375 3263 3447 aufugit.
3292 3376 3520 3453 Deduxjt
3546 3384 3729 3431 autem

2150 3481 2278 3519 eum
2320 3466 2707 3522 Athenodorus
2735 3476 2788 3523 et
2825 3468 3057 3539 Appion,
3104 3485 3202 3540 ego
3248 3477 3427 3525 autem
3476 3467 3731 3523 simulavi

2141 3556 2562 3627 inaequalitatem
2591 3562 2860 3629 corporis,
2895 3570 2951 3613 ut
2978 3561 3125 3614 domi
3172 3575 3466 3615 remanens
3490 3559 3730 3616 facerem

2142 3650 2287 3704 hunc
2316 3651 2557 3706 velocius
2596 3651 2663 3705 ad
2690 3667 2786 3706 vos
2827 3652 3025 3719 redire,
3058 3653 3104 3706 si
3149 3651 3287 3707 forte
3330 3654 3507 3721 possit
3538 3654 3731 3724 aliquo

2141 3743 2303 3797 modo
2346 3744 2611 3797 occultari
2651 3744 2792 3813 apud
2824 3760 2921 3799 vos
2942 3784 2957 3808 ,
2997 3761 3068 3799 ne
3098 3746 3167 3799 ab
3197 3746 3285 3798 his
3313 3747 3404 3815 qui
3445 3744 3728 3801 Simonem

2139 3845 2389 3905 quaerunt
2413 3837 2860 3905 comprehensus,
2898 3839 2961 3891 ad
2993 3838 3261 3893 Caesarem
3299 3838 3636 3907 perducatur
3672 3848 3725 3894 et

2138 3936 2323 3996 pereat
2346 3928 2536 3997 gratis,
2570 3938 2622 3982 et
2652 3944 2797 3982 nune
2824 3930 3092 3984 sollicitus
3118 3945 3218 3999 pro
3248 3930 3368 3999 ipso
3398 3932 3519 3984 veni
3540 3932 3730 3988 vider:

2092 4056 2095 4063 .
2140 4034 2262 4072 eum
2286 4026 2339 4073 et
2370 4020 2546 4074 redire
2575 4029 2864 4090 antequam
2894 4022 3371 4091 superveniantilli
3393 4064 3407 4087 ,
3432 4024 3529 4092 qui
3557 4024 3730 4079 dedu-

2141 4128 2339 4173 xerunt
2372 4118 2670 4175 Simonem.
2695 4119 2761 4172 Et
2790 4135 3088 4176 conversus
3117 4122 3182 4175 ad
3206 4139 3306 4177 nos
3336 4123 3595 4178 Anubion
3618 4126 3723 4179 ait:

2140 4209 2252 4281 Ego
2267 4210 2517 4265 Anubion
2538 4212 2702 4281 patris
2722 4212 2886 4266 vestri
2906 4229 3090 4268 verum
3109 4216 3314 4267 vultum
3340 4216 3495 4270 video
3512 4231 3723 4279 revera,

2140 4301 2265 4370 quia
2289 4309 2589 4371 perunctus
2613 4318 2732 4355 sum
2774 4303 2924 4373 prius
2956 4304 3023 4357 ab
3044 4305 3160 4373 ipso
3184 4304 3404 4359 Simone
3425 4306 3569 4360 sicut
3600 4322 3729 4361 nar-

2140 4394 2254 4447 ravi
2275 4394 2447 4456 vobis,
2467 4400 2524 4447 ut
2539 4396 2713 4449 oculis
2731 4395 2866 4450 meis
2882 4412 3006 4450 vera
3022 4396 3361 4453 Faustiniani
3382 4398 3547 4454 facies
3566 4415 3730 4470 appa-

468 4485 635 4525 uxore
656 4479 709 4525 et
742 4471 891 4535 filiis,
920 4473 1088 4527 lauari
1124 4488 1229 4527 non
1272 4472 1541 4542 potuerim
1569 4488 1691 4525 cum
1714 4472 1817 4534 eis,
1851 4470 1945 4526 sed
1973 4470 2037 4524 ad

2144 4496 2308 4550 reret,
2333 4486 2476 4541 unde
2508 4487 2643 4543 satis
2665 4494 2858 4557 stupeo
2889 4496 2943 4543 et
2982 4490 3225 4544 admiror
3269 4499 3439 4546 artem
3478 4490 3725 4547 Simonis

464 4563 675 4631 priores
714 4563 963 4617 miserias
1010 4578 1148 4632 quas
1189 4563 1242 4616 in
1274 4577 1462 4617 errore
1499 4563 1722 4632 pertuli,
1763 4563 2040 4617 revolutus

467 4653 605 4707 sint?
636 4651 806 4705 Mater
836 4662 1017 4708 autem
1050 4655 1221 4708 multo
1247 4656 1468 4725 gravius
1510 4655 1716 4724 sparsis
1756 4666 1810 4709 et
1832 4655 2041 4708 lacera-

462 4750 535 4804 tis
567 4750 812 4804 crinibus
847 4750 1171 4820 plangebat;
1201 4766 1302 4805 nos
1321 4766 1539 4820 quoque
1565 4751 1618 4803 in
1643 4750 2040 4819 permutatione

462 4843 646 4895 vultus
701 4842 869 4911 patris
923 4848 1206 4911 stupentes
1254 4842 1410 4912 quasi
1455 4842 1669 4895 attoniti
1717 4857 1936 4897 eramus
1987 4851 2040 4898 et

463 4942 727 4997 amentes,
772 4950 871 4989 nec
901 4934 1030 5005 quid
1076 4935 1153 4989 rei
1198 4942 1342 4990 esset
1373 4936 1672 5004 intelligere
1702 4940 2034 5005 poteramus.

462 5025 569 5083 Sed
601 5035 654 5083 et
685 5025 934 5081 Anuhion
967 5042 1159 5081 omnes
1196 5043 1296 5082 nos
1329 5027 1403 5081 ita
1444 5025 1634 5082 videns
1665 5026 1844 5097 affligi,
1890 5028 2035 5082 velut

462 5126 645 5173 mutus
686 5119 879 5172 stabat.
914 5116 1069 5171 Tune
1099 5117 1296 5173 Petrus
1334 5134 1436 5173 nos
1469 5118 1692 5174 intuens
1736 5118 1877 5173 filios
1915 5120 2035 5188 ejus

462 5209 537 5261 ait
570 5226 582 5262 :
618 5206 745 5261 Mihi
778 5208 1005 5273 credite,
1046 5207 1191 5278 quod
1226 5208 1313 5265 hic
1353 5210 1469 5280 ipse
1513 5218 1595 5265 est
1630 5216 1783 5279 pater
1825 5220 2032 5276 vester;

462 5305 681 5369 propter
710 5298 852 5368 quod
884 5306 937 5351 et
968 5313 1162 5353 moneo
1188 5315 1306 5363 vos,
1341 5307 1400 5355 ut
1432 5303 1587 5370 quasi
1613 5309 1817 5371 patrem
1850 5317 2032 5358 serve-

461 5390 530 5446 tis
553 5406 696 5446 eum.
732 5390 887 5445 Dabit
914 5391 1059 5446 enim
1090 5391 1232 5447 Deus
1259 5395 1603 5449 occasionem
1632 5396 1890 5465 aliquam,
1923 5412 2032 5466 qua

461 5481 707 5553 deposito
748 5481 985 5538 Simonis
1012 5484 1163 5539 vultu
1192 5486 1494 5541 evidentem
1531 5489 1702 5557 patris
1748 5489 1934 5553 vestri,
1974 5490 2029 5544 id

461 5579 544 5626 est
574 5589 726 5628 suam
747 5614 761 5633 .
794 5589 1115 5645 recuperare
1144 5577 1315 5647 possit
1346 5576 1593 5647 effigiem.

532 5658 706 5715 LVIII.
737 5662 800 5715 Et
830 5664 893 5717 ad
926 5674 1133 5735 patrem
1164 5681 1462 5722 conversus
1494 5668 1568 5720 ait
1603 5686 1615 5721 :
1655 5668 1761 5737 ligo
1784 5669 1881 5723 tibi
1908 5684 2032 5738 per-

464 5751 713 5807 miseram
753 5754 989 5809 salutaro
1029 5756 1327 5825 Appionem
1374 5765 1428 5811 et
1474 5758 1838 5823 Anuhionem,
1888 5775 2027 5828 quos

2145 4574 2306 4645 Magi,
2342 4576 2485 4645 quod
2514 4591 2609 4630 vos
2636 4583 2842 4631 stantes
2868 4578 3030 4632 modo
3054 4594 3161 4633 non
3185 4580 3483 4650 agnoscitis
3512 4589 3723 4651 patrem

2140 4674 2407 4721 vestrum.
2442 4665 2723 4723 Flentibus
2752 4675 2933 4723 autem
2965 4680 3116 4739 patre
3143 4681 3197 4726 et
3235 4680 3410 4727 matre
3464 4688 3529 4727 ac
3562 4674 3724 4729 nobis

2140 4759 2395 4813 omnibus
2418 4775 2516 4829 pro
2541 4761 2624 4815 his
2655 4776 2776 4831 qua:
2805 4761 3141 4829 acciderant,
3161 4774 3342 4820 motus
3367 4764 3723 4821 miseratione

2130 4852 2302 4904 'etiam
2333 4849 2586 4905 Anubion
2618 4851 2800 4908 flebat.

2206 4939 2317 4996 LX.
2341 4941 2480 4997 Tum
2513 4941 2730 5010 Petrus,
2753 4947 3128 5004 misericordia
3152 4956 3456 5017 permotus,
3487 4951 3721 5006 restitu-

2136 5041 2317 5087 turum
2350 5049 2408 5089 se
2439 5034 2707 5104 promittit
2740 5036 2928 5095 faciem
2972 5040 3143 5109 patris
3181 5042 3376 5105 nostri,
3435 5043 3628 5100 dicens
3654 5044 3719 5097 ad

2135 5141 2261 5178 eum
2288 5144 2301 5179 :
2332 5126 2494 5188 Audi,
2527 5125 2901 5193 Faustiniane,
2929 5146 3052 5184 cum
3096 5132 3255 5186 nobis
3286 5134 3439 5204 prius
3462 5134 3719 5189 utilitatis

2135 5215 2340 5285 aliquid
2364 5217 2654 5273 contulerit
2682 5236 2835 5274 error
2872 5220 2973 5275 iste
3006 5221 3381 5278 transformati
3424 5225 3612 5281 vultus
3642 5226 3718 5298 tui

2134 5315 2188 5363 et
2220 5308 2614 5366 ministraverit
2656 5312 2721 5364 ad
2757 5326 2819 5366 ea
2855 5328 2975 5382 qua:
3005 5313 3279 5378 volumus,
3322 5323 3449 5370 tunc
3480 5331 3579 5387 ego
3630 5330 3719 5369 ve-

2132 5416 2248 5453 ram
2269 5401 2366 5455 tibi
2386 5403 2567 5457 vultus
2600 5401 2675 5455 tui
2700 5403 2984 5473 imaginem
3005 5405 3249 5471 reddam,
3277 5406 3325 5461 si
3354 5414 3536 5464 tamen
3566 5409 3713 5479 prius

2132 5506 2251 5560 quae
2275 5508 2304 5545 a
2337 5508 2422 5547 me
2442 5495 2538 5548 tibi
2574 5492 2773 5548 fuerint
2798 5495 3084 5566 imperata,
3117 5497 3507 5568 profligaveris.
3542 5500 3709 5555 Cum-

2134 5598 2240 5652 que
2264 5590 2420 5653 pater
2449 5601 2604 5641 meus
2647 5586 2996 5655 impleturum
3034 5604 3093 5644 se
3120 5597 3318 5643 cuncta
3346 5606 3469 5661 qua:
3496 5591 3710 5661 jubere!

2133 5674 2284 5729 omni
2316 5676 2659 5743 promitteret
2690 5678 2836 5743 nisu,
2869 5688 3076 5735 tantum
3106 5692 3165 5735 ut
3187 5683 3462 5754 propriam
3483 5700 3707 5754 recupe-

2131 5770 2275 5819 raret
2314 5763 2807 5841 effigiemLPetrus
2844 5771 2918 5825 ita
2949 5773 3112 5842 coepit
3144 5792 3157 5828 :
3196 5772 3315 5845 Ipse
3342 5777 3575 5833 auribus
3601 5773 3711 5829 tuis
