4022 6274
342 319 350 325 “
390 313 526 369 1449

1582 302 2144 362 BECOGNITIONUM
2196 301 2323 359 LIB.
2356 303 2421 358 Χ.
2976 326 3005 360 ο

3503 317 3639 376 1450

386 424 589 482 audisti
620 422 766 495 quod
797 438 941 479 unus
978 437 1042 477 ex
1067 420 1153 476 his
1176 420 1269 490 qui
1311 420 1577 491 praemissi
1610 420 1848 488 fuerant,
1881 437 1964 477 re-
1989 427 2036 483 Α
2067 428 2175 473 tres
2206 432 2355 473 meos
2388 417 2662 488 proﬁcisci
2698 435 2823 476 cuzn
2856 424 2975 494 ipso
3000 428 3175 500 jubet,
3201 448 3265 489 ac
3297 434 3635 493 Matthidiam

381 533 607 591 gressus
630 532 697 572 ex
726 515 1035 578 Antiochia,
1068 514 1425 576 nuntiaverit,
1456 513 1731 583 quomodo
1771 513 1960 570 Simon

383 611 461 667 ibi
492 611 726 681 positus,
746 608 937 663 turbas
968 609 1256 663 adversum
1281 621 1367 663 me
1396 609 1778 670 com-itaverit,
1801 616 1964 679 atque

383 703 439 757 in
457 704 641 758 odium
665 702 771 757 mei
792 707 959 755 totam
981 688 1395 754 i'nﬁammaverit
1410 700 1719 771 civitatem};
1745 717 1963 771 magum

382 813 472 852 me
498 804 553 852 et
574 794 903 851 homicidam
927 808 992 847 ac
1015 791 1359 862 deceptorem
1389 792 1743 857 conﬁrmans,
1766 794 1819 848 in
1844 802 1965 849 tan-

384 896 501 943 tum
534 898 592 942 ut
611 887 941 951 desiderent,
966 886 1013 941 si
1041 902 1127 940 me
1150 886 1392 951 videant,
1410 886 1573 941 etiam
1597 901 1791 943 carnes
1814 903 1962 945 meas

382 980 666 1036 devorare.
691 978 800 1035 Fac
823 994 953 1049 ergo
976 978 1120 1049 quod
1148 978 1270 1032 dico
1303 978 1432 1033 tibi:
1464 980 1781 1050 relinquens
1812 981 1959 1050 apud

382 1089 469 1129 me
490 1072 846 1135 Clementem,
875 1071 1122 1141 prmeede
1144 1086 1247 1126 nos
1280 1070 1626 1128 Antiochiam
1664 1088 1788 1126 cum
1823 1087 1960 1127 con-

375 1166 505 1238 juge
541 1173 635 1221 tua
672 1176 726 1222 et
757 1165 961 1221 Fausto
1017 1180 1082 1221 ac
1126 1165 1387 1221 Faustino
1422 1167 1550 1223 ﬁliis
1592 1169 1723 1224 tuis.
1758 1166 1864 1223 Sed
1906 1176 1960 1221 et

379 1261 520 1316 alios
566 1261 775 1314 mittam
819 1267 1020 1325 tecum,
1052 1274 1192 1329 quos
1234 1260 1369 1314 mihi
1397 1260 1695 1325 videbitur,
1736 1260 1829 1331 qui
1859 1259 1958 1313 ob-

378 1360 682 1422 temperent
713 1351 798 1405 his
829 1366 950 1421 quaa
981 1367 1310 1422 prtecepero.

450 1444 586 1499 LXI.
614 1444 752 1499 Cum
778 1459 912 1514 ergo
946 1459 1054 1499 una
1085 1460 1208 1499 cum
1242 1444 1379 1514 ipsis
1412 1442 1757 1497 Antiochiam
1790 1458 1955 1500 vene-

379 1537 479 1601 ris,
528 1536 970 1607 quandoquidem
1021 1534 1209 1590 Simon
1259 1536 1484 1600 videris,
1534 1535 1752 1606 publice
1800 1544 1953 1592 stans

378 1629 614 1695 praedica
648 1627 1030 1699 paenitentiam
1058 1636 1206 1682 tuam
1235 1635 1290 1683 et
1320 1626 1407 1682 dic
1434 1646 1446 1682 :
1476 1626 1586 1697 Ego
1620 1623 1808 1680 Simon
1857 1626 1954 1683 de-

378 1721 573 1775 nuntio
625 1720 782 1775 vobis
836 1728 891 1774 et
931 1719 1195 1775 conﬁteor
1251 1735 1338 1774 me
1368 1720 1553 1774 omnia
1593 1720 1848 1776 fefellisse
1885 1719 1954 1775 de

2068 519 2295 565 matrem
2332 520 2577 566 nostram
2606 520 2660 569 et
2682 516 2949 584 quosdam
2974 536 3040 575 ex
3065 523 3427 585 familiaribus
3448 531 3633 585 simul.

2068 597 2175 657 Sed
2217 609 2390 655 mater
2444 604 2736 658 recusabat
2788 608 3066 676 proﬁcisci
3105 616 3271 671 simul
3318 628 3372 674 et
3411 621 3630 678 aiebat:

2065 692 2235 759 Quasi
2265 694 2512 750 adultera
2542 696 2676 751 mihi
2714 696 2898 755 futura
2930 702 3140 771 videor,
3177 709 3222 763 si
3253 711 3425 767 vultui
3457 712 3639 768 Simoo

2064 784 2151 839 nis
2189 784 2484 855 conjuncta
2524 788 2664 858 sim;
2690 792 2835 861 quod
2866 793 2968 849 etsi
2996 811 3163 868 cogar
3204 803 3367 857 simul
3401 804 3502 870 ire,
3535 807 3639 859 im-

2062 881 2324 973 possibile
2355 890 2536 938 tamen
2567 893 2738 941 estut
2781 888 2837 943 in
2879 891 3065 947 eodem
3100 894 3300 951 lectulo
3344 914 3470 955 cum
3515 905 3635 973 ipso

2056 970 2292 1040 jaceam,
2326 974 2420 1029 sed
2451 977 2641 1061 nescio
2674 979 2720 1032 si
2751 980 2833 1034 vel
2870 984 3143 1051 proﬁcisci
3190 988 3354 1043 simul
3386 970 3639 1062 acquies-

2062 1079 2203 1120 cam.
2238 1064 2304 1118 Et
2332 1081 2455 1121 cum
2484 1070 2642 1124 valde
2683 1080 2959 1136 renueret,
2986 1076 3243 1134 Anubion
3279 1080 3484 1138 hortari
3514 1101 3635 1141 eam

2060 1159 2249 1229 cmpit,
2274 1160 2463 1217 dicens
2487 1182 2499 1219 :
2536 1163 2712 1219 Crede
2735 1166 2868 1220 mihi
2901 1176 2956 1220 et
2985 1166 3168 1236 Petro,
3195 1172 3287 1227 sed
3317 1181 3373 1228 et
3396 1175 3513 1244 ipsa
3536 1192 3640 1231 vox

2061 1263 2168 1302 non
2226 1251 2321 1305 tibi
2367 1248 2787 1311 Faustinianum
2843 1273 2969 1314 esse
3012 1263 3305 1330 persuadet
3348 1266 3640 1337 conjugem

2060 1348 2254 1402 tuum?
2284 1362 2447 1417 quem
2476 1364 2603 1403 vere
2632 1365 2742 1404 non
2791 1352 2976 1409 minus
3014 1370 3116 1426 ego
3165 1358 3330 1429 diligo
3361 1376 3525 1431 quam
3559 1370 3637 1418 tu.

2058 1440 2303 1511 Denique
2332 1440 2497 1495 etiam
2543 1455 2643 1511 ego
2677 1444 2795 1512 ipse
2822 1446 3108 1502 vobiscum
3144 1450 3380 1507 veniam.
3424 1453 3640 1509 Etcum

2056 1530 2173 1585 haec
2202 1531 2431 1586 dixisset
2454 1531 2730 1599 Anubion,
2764 1537 3015 1605 promisit
3041 1547 3212 1595 mater
3234 1542 3397 1597 simul
3427 1560 3486 1600 se
3515 1562 3645 1617 pro-

2057 1621 2196 1678 fectu
2206 1638 2319 1675 ram
2330 1663 2343 1677 .

2126 1714 2309 1770 LXlll.
2343 1714 2482 1771 Tum
2510 1733 2632 1789 ego,
2665 1718 3074 1790 Competenter,
3111 1724 3221 1790 aio,
3251 1724 3394 1782 Deus
3425 1730 3642 1800 negotia

377 1810 569 1879 Petro;
602 1812 694 1866 ille
719 1812 864 1866 enim
889 1826 1068 1881 neque
1090 1812 1348 1866 seductor
1377 1821 1478 1875 est,
1511 1827 1688 1882 neque
1737 1827 1951 1881 magus,
1988 1807 2031 1867 Β
2058 1815 2248 1862 nostra
2279 1810 2586 1877 componit;
2623 1810 2887 1867 habemus
2915 1813 3059 1866 enim
3087 1815 3373 1871 nobiscum
3404 1828 3459 1872 et
3490 1818 3645 1873 Anu-

378 1916 555 1971 neque
584 1900 876 1962 homicida,
911 1914 1086 1969 neque
1112 1899 1308 1954 horum
1356 1898 1566 1969 aliquid
1614 1913 1960 1969 quzecunque

377 2006 568 2051 contra
599 2009 722 2048 eum
757 1993 970 2048 locutus
998 2007 1141 2056 sum,
1175 1992 1269 2048 sed
1302 1992 1417 2047 dixi
1445 1991 1537 2045 illa
1560 1992 1742 2045 omnia
1775 1990 1960 2046 furore

377 2094 710 2142 commotus.
760 2083 1003 2139 Obsecro
1030 2099 1161 2154 ergo
1188 2099 1287 2139 vos
1328 2083 1447 2153 ipse
1472 2097 1593 2153 ego,
1625 2081 1720 2151 qui
1751 2078 1959 2135 dudum

376 2194 575 2234 causas
602 2177 715 2232 odii
745 2176 898 2232 vobis
925 2183 1117 2229 contra
1145 2190 1268 2230 eum
1300 2174 1577 2238 dederam,
1609 2179 1670 2227 ut
1692 2173 1826 2227 nihil
1851 2172 1960 2229 tale

375 2271 443 2327 de
471 2286 538 2327 eo
568 2270 850 2337 sentiatis;
884 2270 980 2326 sed
1012 2269 1269 2339 deponite
1300 2268 1508 2330 odium,
1533 2274 1747 2323 cessate
1766 2267 1834 2320 ab
1873 2266 1959 2320 in-

377 2362 715 2431 dignatione,
742 2361 871 2431 quia
903 2375 1028 2417 vere
1053 2375 1083 2414 a
1115 2358 1225 2415 Deo
1257 2358 1325 2413 ad
1357 2358 1589 2414 salutem
1613 2356 1803 2411 mundi
1834 2354 1957 2411 mis-

375 2471 473 2511 sus
489 2461 573 2509 est
586 2454 892 2524 discipulus
911 2454 1023 2509 veri
1042 2450 1391 2522 Prophelaeet
1410 2450 1707 2521 apostolus.
1727 2447 1957 2520 Propter

374 2545 521 2615 quod
568 2546 795 2610 suadeo,
829 2545 1022 2599 hortor
1051 2552 1106 2598 et
1147 2558 1343 2599 moneo
1372 2551 1433 2597 ut
1458 2544 1641 2612 ipsum
1692 2539 1954 2604 audiatis,

2060 1899 2280 1955 bionem
2312 1900 2674 1972 astrologum,
2711 1918 2835 1957 cum
2865 1920 2974 1974 quo
3006 1906 3052 1960 si
3091 1908 3438 1963 Antiochiam
3476 1926 3644 1965 vene-

2063 1987 2260 2054 rimus,
2291 1988 2361 2042 de
2389 1990 2579 2059 genesi
2615 1993 2881 2046 attentius
2923 1992 3351 2063 disputabimus.
3394 1997 3645 2067 Cumque

2062 2088 2186 2150 post
2213 2080 2452 2135 medium
2483 2082 2664 2137 noctis
2688 2093 2843 2153 pater
2877 2092 3067 2140 noster
3092 2101 3217 2140 cum
3251 2087 3339 2142 his
3365 2104 3505 2158 quos
3523 2089 3645 2158 jus-

2060 2177 2208 2224 serat
2256 2167 2477 2236 Petrus,
2506 2180 2562 2225 et
2611 2171 2900 2229 Anubione
2942 2175 3223 2244 profectus
3262 2185 3443 2245 esset;
3484 2194 3645 2236 mane

2059 2261 2381 2333 priusquam
2408 2263 2729 2334 procederet
2758 2266 2827 2320 ad
2859 2268 3255 2337 disputandum
3297 2268 3516 2334 Petrus,
3556 2287 3644 2327 re-

2060 2355 2239 2423 gressi
2268 2363 2398 2408 sunt
2444 2355 2522 2408 illi
2580 2357 2675 2425 qui
2723 2356 3070 2412 deduxerunt
3104 2358 3380 2416 Simonem
3406 2403 3421 2427 ,
3456 2362 3510 2415 id
3559 2370 3644 2418 est

2057 2445 2271 2516 Appion
2307 2455 2360 2502 et
2389 2448 2799 2513 Athenodorus,
2830 2457 2883 2504 et
2917 2460 3186 2505 venerunt
3213 2453 3282 2506 ad
3318 2469 3419 2510 nos
3464 2456 3644 2525 requi-

2059 2544 2244 2592 rentes
2296 2544 2504 2607 patrem
2554 2554 2755 2594 meum.
2813 2527 3010 2597 Petrus
3050 2559 3182 2598 vero
3222 2544 3315 2598 ubi
3365 2547 3638 2615 cognovit,

376 2633 481 2702 ipsi
522 2634 759 2690 credatis
802 2633 1118 2704 praedicanti
1158 2633 1313 2688 vobis
1348 2633 1659 2697 veritatem,
1706 2646 1776 2687 ne
1817 2631 1967 2688 forte
2053 2627 2221 2698 jussit
2266 2644 2361 2684 eos
2393 2629 2642 2686 introire.
2684 2632 2904 2687 Etcum
2939 2635 3344 2699 consedissent,
3380 2635 3482 2692 Ubi
3530 2645 3638 2703 est,

377 2727 424 2780 si
447 2726 766 2796 spreveritis
800 2741 948 2790 eum,
978 2727 1098 2796 ipsa
1129 2725 1294 2780 etiam
1328 2725 1512 2781 subito
1540 2725 1734 2780 civitas
1773 2732 1955 2780 vestra

376 2823 582 2886 pereat.
614 2815 787 2881 Quam
814 2832 946 2871 vero
976 2815 1046 2872 ob
1084 2830 1308 2870 causam
1342 2816 1457 2869 haec
1485 2831 1631 2870 nunc
1652 2816 1805 2871 vobis
1822 2831 1957 2872 con-

377 2906 551 2973 ﬁtear,
588 2907 860 2962 indicabo.
886 2907 999 2962 Hac
1021 2913 1181 2963 nocte
1203 2907 1430 2978 angelus
1457 2905 1551 2961 Dei
1581 2907 1849 2978 corripuit
1867 2923 1955 2963 me

376 2999 630 3069 impium,
657 3009 711 3053 et
755 3014 854 3053 cur
894 2998 1150 3055 inimicus
1186 3014 1367 3055 essem
1405 2999 1650 3056 veritatis
1688 3000 1952 3070 praeconi,

373 3090 856 3149 vehementissime
873 3091 1162 3162 ﬁagellavit
1177 3093 1591 3165 (62).Deprecor
1606 3108 1737 3163 ergo
1754 3109 1872 3157 vos,
1894 3099 1954 3147 ut

375 3185 591 3241 etiamsi
622 3199 721 3255 ego
754 3183 870 3253 ipse
900 3152 1023 3253 post
1068 3152 1195 3239 haec
1228 3152 1456 3243 veniens
1490 3187 1558 3242 ad
1602 3152 1701 3242 vos
1741 3188 1950 3258 aliquid
1980 3152 2023 3213 α

376 3286 655 3333 tentavero
686 3276 976 3332 adversum
1006 3276 1230 3331 Petrum
1274 3278 1477 3342 dicere,
1510 3294 1579 3334 ne
1609 3280 1947 3350 suscipiatis,

376 3384 478 3425 nec
524 3368 785 3424 credatis.
837 3367 1113 3424 Conﬁteor
1146 3370 1290 3423 enim
1340 3370 1535 3434 vobis,
1590 3386 1690 3441 ego
1736 3386 1948 3440 magus,

375 3478 478 3531 ego
525 3464 805 3526 seductor,
853 3477 955 3532 ego
981 3462 1239 3532 deceptor
1284 3460 1385 3526 fui,
1432 3462 1529 3518 sed
1574 3463 1952 3533 pcenitentiam

374 3570 510 3624 ago;
542 3555 667 3610 licet
694 3554 840 3610 enim
875 3570 975 3626 per
1011 3554 1390 3625 paenitentiam
1421 3556 1600 3624 priora
1631 3555 1769 3609 male
1800 3561 1953 3625 gesta

377 3650 585 3706 delere.

446 3742 603 3799 LXII.
623 3742 760 3798 Cum
780 3742 895 3797 hrec
915 3740 1111 3797 Petrus
1133 3741 1409 3796 intimaret
1431 3740 1593 3809 patri,
1612 3739 1701 3794 ille
1725 3754 1955 3809 respon-

374 3838 456 3891 dit
482 3878 495 3890 .
522 3835 650 3891 Scio
673 3835 804 3905 quid
830 3835 989 3902 velis,
1021 3849 1088 3889 ne
1107 3833 1319 3889 labores
1347 3834 1524 3897 ultra;
1551 3832 1788 3888 intellexi
1807 3833 1954 3888 enim

270 3972 279 3985 ρ
374 3936 429 3984 et
449 3930 595 3993 novi,
627 3928 756 3997 quid
781 3935 1029 3998 oporteat
1059 3942 1182 3981 cum
1214 3927 1280 3980 ad
1314 3927 1495 3981 locum
1522 3941 1744 3990 venero,
1765 3941 1955 3997 prose-

373 4021 490 4091 qui.
517 4019 583 4074 Et
611 4019 807 4075 Petrus
834 4021 1035 4075 iterum
1086 4018 1410 4089 suggerebat
1440 4018 1513 4083 ei,
1559 4018 1786 4075 dicens:
1814 4020 1953 4073 Cum

374 4126 506 4182 ergo
528 4111 745 4182 ven_eris
766 4109 834 4164 ad
871 4109 1050 4164 locum
1092 4117 1148 4164 et
1178 4107 1383 4163 videris
1424 4110 1681 4179 populum
1726 4123 1793 4164 ex
1838 4125 1956 4165 ser-

374 4169 539 4259 mene
581 4169 677 4258 “’0
708 4203 975 4267 converti,
1015 4210 1070 4258 et
1111 4202 1375 4273 depositis
1419 4202 1562 4265 odiis
1594 4201 1839 4272 recipere
1864 4202 1955 4257 de—

376 4296 640 4350 siderium
692 4296 889 4361 nostri,
942 4295 1093 4351 mitte
1148 4302 1202 4349 et
1249 4295 1447 4349 manda
1489 4294 1641 4357 mihi,
1677 4301 1731 4349 et
1766 4294 1953 4350 statim

2057 2722 2234 2786 aiunt,
2266 2720 2697 2780 Faustinianus?
2725 2722 2924 2780 Petrus
2954 2727 3271 2796 respondit:
3307 2726 3597 2784 Nescimus
3622 2749 3637 2785 :

2056 2827 2285 2882 vespere
2331 2813 2475 2868 enim
2523 2822 2816 2884 postquam
2874 2815 2943 2869 ad
2988 2833 3087 2872 vos
3118 2817 3287 2885 venit,
3326 2819 3469 2873 ultra
3501 2822 3640 2876 nulli

2058 2920 2286 2960 suorum
2330 2907 2482 2961 visus
2515 2913 2641 2973 est;
2689 2907 2948 2962 hesterno
2986 2916 3169 2963 tamen
3207 2909 3295 2963 die
3343 2926 3505 2966 mane
3553 2912 3643 2965 Si-

2056 3011 2187 3050 mon
2208 2998 2357 3052 venit
2379 3012 2632 3069 quaerens
2660 3014 2808 3065 eum,
2826 3008 2883 3054 et
2912 3001 3043 3070 quia
3073 3002 3211 3055 nihil
3239 3003 3317 3056 illi
3347 3004 3640 3074 respondi-

2055 3106 2203 3152 mus,
2234 3092 2424 3146 nescio
2447 3092 2579 3161 quid
2604 3092 2652 3146 ei
2680 3092 2857 3147 visum
2886 3094 2977 3157 sit,
3004 3091 3421 3150 Faustinianum
3445 3109 3505 3150 se
3519 3110 3642 3152 esse

2055 3184 2463 3250 dicebat.Quod
2489 3201 2613 3239 cum
2643 3186 2695 3240 ei
2716 3201 2877 3241 nemo
2902 3187 3171 3250 crederet,
3206 3185 3342 3242 ﬁens
3370 3194 3424 3242 et
3447 3189 3641 3257 dolens

2054 3275 2496 3331 comminabatur
2542 3284 2952 3346 perempturum
3003 3278 3382 3347 semetipsum,
3417 3286 3473 3333 et
3513 3288 3640 3349 post

2054 3365 2170 3423 haec
2197 3368 2332 3421 abiit
2365 3368 2434 3421 ad
2465 3383 2615 3423 mare
2644 3384 2856 3424 versus.

2125 3458 2314 3514 LXIV.
2347 3458 2474 3513 Haec
2503 3474 2627 3514 cum
2657 3462 2900 3517 audisset
2925 3461 3138 3533 Appion
3161 3471 3213 3517 et
3242 3462 3337 3531 qui
3363 3476 3487 3517 cum
3520 3462 3641 3532 ipso

2053 3558 2233 3614 erant,
2261 3552 2529 3606 ululatum
2557 3553 2829 3608 dederunt
2858 3556 3143 3622 grandem,
3174 3556 3422 3611 dicentes
3447 3575 3459 3610 :
3498 3553 3641 3621 Quid

2056 3643 2161 3697 hoc
2198 3641 2429 3708 fecistis,
2458 3659 2560 3698 cur
2589 3660 2701 3699 non
2731 3647 3018 3717 recepistis
3039 3649 3203 3702 eum?
3232 3647 3297 3701 Et
3325 3663 3450 3703 cum
3481 3650 3642 3704 vellet

2056 3734 2441 3791 Athenodorus
2484 3736 2667 3792 dicere
2709 3738 2845 3794 mihi
2898 3739 3028 3810 quia
3080 3741 3200 3808 ipse
3246 3748 3364 3795 erat
3423 3740 3641 3797 Fausti-

2057 3829 2259 3883 nianus
2288 3837 2444 3899 pater
2482 3837 2633 3894 tuus,
2664 3830 2877 3902 Appion
2915 3834 3253 3904 praeveniens
3282 3851 3407 3891 eum
3432 3855 3445 3890 :
3478 3835 3640 3892 Com-

2059 3922 2321 3991 perimus,
2364 3922 2562 3992 inquit,
2602 3937 2633 3976 a
2662 3924 2898 3993 quodam
2936 3926 3029 3995 qui
3075 3943 3200 3980 cum
3248 3926 3471 3983 Simone
3505 3943 3637 3992 pro-

2060 4013 2237 4070 fectus
2283 4024 2386 4083 est,
2420 4016 2541 4087 ipso
2572 4013 2931 4072 Faustiniano
2977 4019 3310 4088 deprecante
3350 4036 3498 4083 cum,
3532 4036 3633 4090 pro

2057 4120 2123 4159 eo
2182 4107 2327 4176 quod
2384 4108 2551 4162 nollet
2606 4108 2748 4163 filios
2812 4123 2944 4164 suos
3011 4110 3225 4173 videre,
3278 4113 3405 4179 quia
3463 4109 3639 4166 Judaei

2057 4204 2215 4253 erant
2233 4198 2457 4270 (65-64).
2471 4199 2580 4256 Nos
2594 4216 2724 4272 ergo
2734 4215 2857 4256 cum
2872 4199 3213 4257 audissemus
3226 4200 3362 4268 haec,
3384 4201 3639 4258 venimus

2058 4306 2181 4345 eum
2217 4288 2307 4343 hic
2345 4289 2643 4359 requirere,
2674 4288 2766 4344 sed
2814 4290 2942 4360 quia
2977 4290 3067 4346 hic
3108 4306 3218 4346 non
3262 4303 3377 4355 est,
3412 4300 3639 4363 apparet

374 4388 612 4443 veniam.
652 4388 791 4444 Cum
833 4396 1014 4443 autem
1067 4402 1290 4453 venero,
1343 4388 1464 4442 sine
1508 4401 1660 4440 mora
1711 4387 1952 4441 alienum
2004 4404 2029 4425 ι
2058 4382 2189 4453 quia
2233 4397 2361 4437 vere
2407 4382 2545 4436 dixit
2573 4381 2667 4452 qui
2711 4382 2988 4437 nuntiavit
3033 4399 3158 4439 cum
3193 4384 3415 4441 Simone
3456 4385 3638 4456 profe-

376 4481 521 4536 hunc
552 4497 583 4535 a
612 4490 665 4535 te
697 4482 902 4536 vultum
933 4480 1202 4552 eﬁ‘ugabo,
1242 4488 1297 4535 et
1339 4490 1490 4535 tuum
1531 4482 1811 4550 proprium
1853 4479 1947 4549 qui
1984 4495 2026 4549 ι)
2059 4483 2239 4541 ctum;
2277 4476 2381 4529 hoc
2409 4490 2538 4545 ergo
2570 4476 2891 4531 nuntiamus
2921 4476 3098 4533 vobis.
3140 4476 3254 4545 Ego
3286 4486 3465 4533 autem
3510 4478 3638 4534 Cle—

378 4571 486 4627 tuis
513 4571 768 4627 omnibus
816 4578 982 4626 notus
1026 4579 1111 4626 est
1142 4570 1390 4626 reddam.
1424 4570 1491 4623 Et
1521 4571 1606 4625 his
1649 4570 1814 4625 dictis
1849 4569 1951 4624 fra-

2059 4588 2216 4628 mens
2264 4573 2355 4627 ubi
2404 4572 2650 4660 intellexi
2679 4573 2973 4628 consilium
3025 4572 3197 4639 Petri,
3241 4575 3369 4645 quia
3403 4574 3637 4630 voluerit

1687 4790 2052 4846 COTELERII
2088 4791 2320 4848 NOTAE.

449 4948 561 5073 (62"?
608 4947 1065 5037 Vehementissirne

379 5018 495 5077 haec
562 5022 813 5077 auellatio
840 5040 964 5077 cum
995 5025 1065 5077 ill:

419 5037 495 5075 ωε

437 5086 645 5164 (65-64)
667 5088 805 5154 Quia
825 5087 1183 5146 Judwierant.
1201 5088 1271 5145 Ut
1285 5091 1514 5162 benigne
1538 5086 1733 5163 exponi
1769 5103 1949 5164 potest

379 5178 477 5233 per
529 5160 664 5235 satis
720 5164 995 5235 cognitum
1044 5178 1307 5235 errorem,
1348 5160 1694 5235 qu'oActhtiici
1756 5160 1947 5235 primis

377 5231 716 5301 temporibus
739 5232 799 5305 in
828 5234 1047 5305 nomine
1077 5231 1389 5288 Iudaeorum
1435 5231 1777 5289 Christianos
1818 5252 1951 5305 quo-

420 5318 485 5375 ue
515 5302 1047 5375 comprehendebant
1074 5324 1085 5358 :
1115 5306 1188 5358 ita
1216 5312 1269 5359 et
1297 5313 1609 5373 suspectum
1632 5320 1754 5361 esse
1783 5302 1947 5375 queat

426 5372 693 5455 bioniticaa
728 5372 867 5455 labis
904 5376 1229 5455 apocryphis
1259 5372 1626 5455 _Cle_litentinis
1660 5372 1941 5446 inspersae.

378 5443 799 5498 Confundebant
842 5444 984 5497 enim
1035 5443 1273 5499 Ebiontei
1318 5443 1795 5502 Christianismum
1820 5464 1943 5502 cum

376 5512 675 5567 Judaismo.
701 5513 968 5581 Quocirca
1017 5516 1310 5584 prudenter
1362 5515 1564 5571 factum
1608 5533 1638 5571 a
1691 5516 1946 5572 Simeone

380 5584 747 5653 Metaphraste
799 5586 855 5638 in
896 5585 1019 5641 Vita
1051 5584 1349 5641 Clementis
1382 5585 1635 5651 Romani,
1686 5605 1780 5644 seu
1829 5589 1948 5643 Cleo

378 5658 616 5730 mentina
652 5654 908 5730 Epitome,
942 5670 1067 5710 cum
1096 5664 1333 5730 quatuor
1364 5658 1482 5713 loca
1522 5659 1758 5730 homiliae
1790 5675 1951 5730 quar-

379 5732 447 5780 tae
506 5723 950 5782 Clememinorum
1000 5723 1229 5780 mutavit
1255 5735 1309 5782 et
1338 5730 1594 5784 correxit.
1618 5723 1837 5787 Primus
1868 5731 1947 5785 lo-

661 5825 930 5881 Ρλτιιοι..
992 5822 1108 5882 Cn.
1160 5823 1204 5883 Ι.

1116 4952 1424 5025 ﬂagellauit.
1460 4952 1712 5009 Conferri
1764 4963 1946 5025 potest

562 5022 813 5088 agellatio
840 5040 964 5088 cum
995 5025 1087 5078 illa
1117 5024 1323 5078 famosa
1356 5022 1695 5088 Hieronymi.

2055 4973 2153 5034 cus
2181 4965 2362 5034 exstat
2385 4975 2433 5014 ο.
2472 4956 2521 5034 7.
2558 4959 2635 5014 lbi
2666 4961 2738 5016 de
2766 4959 3279 5034 Clementedicitur
3306 4981 3318 5017 :
3351 4961 3487 5034 Ὑπὸ
3510 4962 3635 5034 βαρ-

2056 5028 2223 5104 ϐάρῳ
2257 5030 2540 5104 τιγὺςιτὴν
2581 5033 2951 5104 πρφσηγορὶαγ
2992 5033 3220 5104 Πέτρου,
3260 5035 3328 5087 τὰ
3363 5028 3634 5087 Ἰουδὰίὼν

2055 5101 2226 5175 Ξοιβῖν
2254 5101 2348 5152 καὶ
2376 5100 2551 5175 λέγῄν
2572 5100 2868 5175 habeantet.
2888 5100 3282 5175 Metaphrastes
3300 5120 3428 5160 vero
3451 5104 3635 5175 posuit

2056 5167 2344 5245 _Ep_itomes_
2360 5187 2419 5245 _c.
2450 5167 2545 5245 '46,
2577 5167 2645 5245 ea
2678 5167 3049 5245 Χριστιανῶνξ
3064 5174 3067 5179 ’
3089 5175 3403 5231 Secundum
3449 5167 3631 5228 iocum

2054 5241 2223 5318 habes
2238 5241 2413 5318 915,
2446 5241 2474 5295 ὁ
2496 5244 2552 5296 δὲ
2576 5242 2707 5308 τῶν,
2730 5241 2805 5308 ὧς
2828 5245 2985 5318 tinet;
3009 5263 3172 5318 (pate,
3188 5246 3477 5318 βαρϐάρῳν
3510 5245 3635 5318 ἰρυ-

2051 5310 2215 5384 δαίων
2238 5309 2411 5384 λέγος,
2435 5329 2465 5368 e
2493 5329 2603 5384 quo
2628 5328 2814 5370 vocem
2852 5309 3116 5370 ’ἰουδαίων
3142 5309 3629 5378 εἷωὸοηἐιι)ειυ1ἰι,

2050 5398 2101 5455 c.
2135 5379 2223 5436 50.
2255 5379 2595 5455 Tertium'c.
2630 5386 2727 5455 13.,
2753 5402 2914 5455 quem
2955 5387 3121 5442 simili
3149 5387 3310 5443 modo
3339 5384 3632 5442 circumci-

2052 5453 2150 5518 dit,
2178 5452 2345 5529 c_._51.
2385 5452 2445 5507 1n
2474 5462 2671 5524 quarto
2700 5452 2935 5529 denique
2962 5458 3087 5529 loco
3115 5474 3166 5513 c.
3202 5458 3294 5529 2-1,
3323 5456 3497 5529 Apion
3530 5470 3632 5507 no-

2053 5530 2133 5577 tat
2186 5522 2522 5598 Clementem
2586 5522 3018 5598 προσομιῖοὖντα
3075 5528 3346 5591 Ἰουδαίοις
3367 5525 3385 5555 ⁶’
3442 5535 3506 5598 at_
3562 5538 3631 5580 ex

2054 5595 2436 5671 emendatione
2483 5594 2783 5671 breviantis
2808 5615 2883 5671 7c.
2938 5599 3027 5667 55,
3071 5599 3435 5671 Χριστιανοῖς.
3490 5594 3634 5667 Lege

2056 5666 2245 5722 hontil.
2299 5689 2375 5736 xi,
2401 5681 2453 5722 c.
2490 5666 2577 5732 16,
2611 5676 2666 5725 et
2690 5669 2841 5726 alibi.

3195 5826 3272 5889 τιὸ
