4036 6252
425 305 558 363 l“5|
1049 307 1062 332 ⁵

1342 306 1401 364 S.
1436 307 1829 364 CLEMENTIS
1860 309 1881 363 I
1915 307 2081 365 ROM.
2117 307 2321 367 PONT.
2355 307 2584 366 OPE‘RA
2609 309 2823 368 DUBIA
2855 354 2870 368 .

3547 315 3691 371 1453

423 426 505 479 eis
547 420 918 494 suspicionem
967 420 1128 488 dare,
1175 421 1323 492 quod
1367 423 1436 477 ab
1488 424 1625 495 ipsis
1671 424 2002 496 quaerendus
2031 429 2077 488 Α
2106 440 2174 480 ne
2225 427 2521 482 crederetis
2553 426 2738 492 Petro,
2771 429 2862 494 qui
2898 435 2951 483 et
2993 426 3317 499 languentes
3356 427 3413 483 in
3460 431 3690 488 nomine

419 519 568 565 esset
600 526 788 576 senex,
827 520 885 564 ut
920 512 1174 567 timerent
1213 520 1267 567 et
1314 519 1588 584 fugerent,
1638 516 1781 587 εωρί
1810 517 2006 585 juvare

420 603 716 658 consilium
745 603 866 674 ejus
895 612 949 659 et
987 605 1074 660 aio
1121 605 1187 660 ad
1218 607 1518 676 Appionem
1547 625 1561 663 :
1594 609 1755 674 Audi,
1787 610 2002 665 charis-

424 695 564 751 sime
612 696 858 767 Appian,
907 712 1011 752 nos
1053 698 1198 767 quod
1241 698 1442 753 bonum
1488 700 1788 771 credimus,
1834 705 2002 758 etiam

421 785 565 855 patri
598 786 814 842 tradere
835 787 1122 852 volumus;
1159 787 1307 856 quod
1353 789 1402 843 si
1449 791 1687 846 noluerit
1732 794 1999 862 recipere,

421 877 519 932 sed
559 879 756 948 magis,
789 887 849 932 ut
886 879 1046 944 dicis,
1078 880 1476 937 exherrescens
1506 897 1608 938 nos
1651 882 1806 954 fugit,
1841 900 2002 956 aspe-

417 987 541 1024 rum
572 972 643 1026 sit
675 971 912 1027 fortasse
939 972 1084 1042 quod
1109 973 1252 1037 dico,
1282 989 1382 1029 nec
1404 990 1507 1030 nos
1535 976 1602 1030 de
1625 992 1691 1030 eo
1716 993 1995 1035 curamus.

417 1062 488 1117 Et
519 1080 644 1118 cum
675 1065 791 1119 hac
821 1065 1100 1130 dixissem,
1131 1068 1294 1136 quasi
1320 1079 1670 1125 exsecrantes
1704 1070 2000 1127 crudelita-

415 1164 526 1210 tem
559 1172 738 1214 meam
767 1157 1078 1224 discedunt,
1105 1160 1334 1230 vestigia
1358 1157 1624 1227 Simonis,
1657 1170 1716 1217 ut
1745 1163 1996 1233 sequenti

416 1249 507 1302 die
535 1249 926 1318 com-perimus,
962 1249 1338 1320 insequentes.
1703 1301 1706 1306 .

485 1338 648 1395 LXV.
689 1339 897 1412 Interea
940 1355 1065 1395 cum
1100 1341 1294 1397 Petrus
1323 1358 1388 1398 ex
1434 1358 1586 1400 more
1608 1347 1856 1415 quotidie
1896 1362 1995 1418 po-

414 1431 602 1500 pulum
641 1431 862 1487 doceret
901 1441 955 1487 et
986 1435 1218 1489 virtutes
1256 1436 1456 1491 multas
1485 1451 1548 1492 ac
1594 1440 1854 1496 sanitates
1882 1440 1995 1496 elli-

411 1531 585 1586 ceret,
618 1530 742 1593 post
769 1523 887 1579 dies
916 1525 1102 1580 decem
1135 1529 1283 1582 venit
1312 1528 1534 1598 quidam
1575 1540 1889 1587 nostrorum
1923 1534 1994 1589 ab

409 1614 699 1668 Antiochia
742 1615 948 1671 missus
991 1632 1018 1670 a
1055 1625 1229 1686 patre,
1277 1621 1612 1677 annuntians
1661 1622 1820 1678 nobis
1850 1639 1989 1694 quo-

409 1707 571 1762 modo
599 1700 815 1776 publice
845 1715 1018 1765 staret
1048 1719 1220 1779 pater,
1249 1709 1526 1767 Simonem
1560 1714 1779 1784 quidem
1811 1717 1905 1786 qui
1934 1717 1991 1770 in

407 1799 560 1851 vultu
595 1799 902 1864 videbatur,
937 1815 1227 1866 accusans,
1277 1801 1498 1857 Petrum
1529 1818 1664 1858 vero
1708 1805 1992 1862 immensis

405 1891 664 1946 laudibus
693 1892 988 1962 praeferens
1016 1901 1070 1948 et
1092 1894 1246 1948 omni
1280 1895 1480 1966 populo
1509 1895 1901 1952 commendans
1929 1912 1994 1953 ac

405 1981 824 2039 desiderabilem
862 1983 1093 2049 faciens,
1142 1985 1215 2038 ita
1265 1992 1325 2039 ut
1363 2000 1555 2041 omnes
1596 2001 1664 2042 ex
1707 1987 1828 2058 ejus
1875 2003 1994 2044 ser-

400 2089 568 2129 mone
603 2077 797 2130 mutati
830 2076 1212 2130 desiderarent
1254 2092 1378 2131 eum
1417 2077 1636 2144 videre;
1669 2080 1869 2135 multos
1892 2093 1992 2134 au-

401 2172 514 2220 tem
557 2173 766 2219 tantum
798 2166 852 2219 in
883 2164 1028 2219 Petri
1084 2180 1325 2220 amorem
1369 2168 1607 2234 venisse,
1638 2177 1698 2222 ut
1738 2169 1992 2225 szevirent

401 2258 458 2311 in
490 2263 700 2326 patrem
729 2256 888 2326 quasi
934 2258 988 2310 in
1035 2254 1348 2319 Simonem,
1387 2266 1442 2313 et
1484 2273 1682 2315 manus
1711 2259 1759 2316 ei
1787 2260 1990 2315 vellent

402 2348 653 2418 injicere,
683 2350 832 2404 velut
873 2348 964 2420 qui
990 2356 1208 2403 tantum
1243 2350 1371 2404 mali
1395 2351 1770 2408 commisisset
1799 2352 1852 2407 in
1879 2350 2004 2408 Per

400 2446 580 2506 trum;
626 2447 850 2509 propter
893 2439 1062 2510 quod,
1113 2439 1322 2502 aiebat,
1374 2455 1700 2511 appropera,
1734 2457 1803 2498 ne
1847 2441 1988 2499 forte

401 2530 735 2600 perimatur;
790 2531 846 2584 in
897 2531 1096 2586 timore
1131 2531 1280 2587 enim
1329 2546 1527 2601 magno
1570 2535 1788 2602 positus
1832 2534 1979 2587 velo—

399 2622 540 2678 eiter
571 2622 720 2676 misit
751 2637 857 2686 me,
893 2630 950 2675 ut
986 2622 1105 2677 sine
1141 2637 1294 2676 mora
1333 2623 1546 2686 venias,
1576 2639 1684 2693 quo
1712 2623 1987 2678 viventem

398 2729 527 2771 eum
557 2729 816 2784 occupes,
866 2714 1028 2770 simul
1057 2723 1113 2768 et
1157 2714 1430 2769 crescenti
1481 2731 1610 2787 erga
1654 2715 1732 2769 tui
1775 2715 1986 2772 deside-

399 2807 546 2861 rium
593 2803 803 2859 civitati
857 2812 1198 2875 opportunus
1249 2816 1540 2874 appareas.
1582 2802 1775 2862 Aiebat
1817 2807 1984 2863 etiam

400 2896 676 2964 quomodo
701 2910 824 2948 itaex
853 2903 907 2954 ut
936 2896 1124 2950 urbem
1147 2895 1494 2951 Antiochiam
1524 2903 1680 2966 pater
1701 2898 1983 2968 ingressus

398 2995 568 3049 esset,
612 2987 772 3058 quasi
817 2987 883 3041 ad
920 2986 1201 3042 Simonem
1241 2987 1422 3042 omnis
1468 2988 1702 3058 populus
1733 2988 1800 3041 ad
1850 3003 1977 3042 eum

398 3079 664 3134 collectus
709 3085 823 3142 est,
860 3087 914 3133 et
957 3079 1127 3149 capit
1157 3079 1412 3134 omnibus
1461 3079 1709 3133 conﬁteri
1759 3079 1977 3148 publice

397 3170 699 3229 secundum
744 3185 808 3226 ea
862 3186 983 3240 quae
1029 3171 1218 3241 populi
1281 3172 1610 3225 restauratio
1660 3169 1973 3239 flagitabat;
2005 3201 2050 3262 α

397 3278 525 3318 nam
551 3263 865 3333 quicunque
907 3278 1100 3316 omnes
1140 3262 1306 3316 simul
1342 3261 1555 3316 nobiles
1583 3269 1638 3316 et
1667 3260 1869 3317 diversi
1901 3262 1979 3316 si-

397 3358 514 3412 mul
565 3359 762 3412 divites
808 3370 870 3409 ac
923 3369 1193 3424 pauperes
1227 3355 1646 3420 convenissent,
1693 3361 1978 3423 sperantes

395 3451 580 3519 aliqua
610 3452 680 3505 ab
704 3465 769 3504 eo
796 3463 946 3502 more
969 3446 1132 3502 solito
1160 3446 1409 3518 prodigia
1442 3463 1601 3519 posse
1623 3447 1762 3514 ﬁeri,
1787 3465 1978 3506 omnes

396 3541 500 3595 hac
528 3555 661 3595 voce
693 3540 989 3611 alloquitur
1013 3559 1025 3594 π
1388 3557 1392 3564 ι

465 3648 650 3706 LXVI.
695 3649 794 3704 Diu
823 3662 906 3707 est
935 3651 1081 3722 quod
1115 3668 1201 3708 me
1229 3650 1506 3707 Simonem
1537 3651 1978 3709 infelicissimum

394 3741 675 3798 hominum
710 3746 970 3814 patientia
1005 3745 1188 3800 divina
1225 3746 1490 3811 sustinet;
1540 3759 1664 3798 nam
1711 3745 1977 3816 quidquid

394 3832 452 3886 in
496 3848 585 3887 me
626 3833 810 3886 mirati
858 3835 1021 3898 estis,
1069 3851 1175 3889 non
1222 3835 1469 3889 veritatis
1510 3835 1848 3899 ministerio,
1883 3837 1977 3892 sed

394 3923 701 3978 daamonum
738 3923 1043 3981 mendaciis
1084 3937 1138 3981 et
1169 3927 1381 3982 artibus
1408 3934 1620 3997 gestum
1657 3937 1761 3994 est,
1795 3937 1856 3982 ut
1885 3945 1977 3985 ve-

394 4024 567 4072 stram
614 4015 773 4071 ﬁdem
815 4027 1114 4075 everterem
1156 4028 1210 4074 et
1241 4035 1416 4074 meam
1451 4021 1688 4074 animam
1720 4021 1978 4076 condem-

393 4124 601 4164 narem.
637 4108 915 4164 Confiteor
956 4126 1040 4165 me
1085 4112 1268 4165 omnia
1309 4113 1376 4167 de
1406 4111 1566 4168 Petro
1609 4113 1778 4171 fuisse
1822 4131 1977 4170 men-

396 4200 588 4266 titum;
626 4199 716 4255 ille
743 4201 885 4255 enim
920 4216 1097 4271 neque
1133 4218 1325 4274 magus
1354 4219 1531 4275 neque
1574 4206 1840 4260 homicida
1875 4223 1976 4261 un-

389 4309 553 4363 quam
586 4293 706 4356 fuit,
740 4294 836 4349 sed
865 4309 896 4347 a
930 4294 1042 4350 Deo
1079 4295 1148 4349 ad
1196 4296 1429 4350 salutem
1459 4306 1699 4351 vesirum
1731 4297 1972 4351 omnium

391 4389 594 4443 missus
633 4395 738 4452 est,
775 4403 938 4458 quem
982 4389 1028 4444 si
1060 4404 1127 4445 ex
1174 4389 1280 4443 hac
1330 4389 1467 4443 hora
1512 4392 1973 4446 contemnendum

391 4479 735 4550 putaveritis,
768 4487 979 4534 certum
1025 4480 1096 4536 sit
1139 4480 1281 4552 apud
1326 4495 1426 4534 vos
1465 4480 1608 4550 quod
1649 4480 1823 4551 possit
1853 4481 1970 4550 ipsa

2103 516 2225 585 ejus
2265 532 2296 570 a
2325 533 2434 588 quo
2463 517 2666 572 missus
2702 525 2787 572 est
2816 526 2993 585 curat,
3030 526 3084 572 et
3115 519 3390 574 daemonas
3422 518 3599 590 fugat,
3624 535 3693 575 ac

2103 624 2280 666 caecos
2324 610 2620 677 illuminat,
2646 619 2701 665 et
2737 609 3055 680 paralyticis
3101 611 3335 666 salutem
3387 611 3602 679 reddit,
3635 621 3693 668 et

2103 709 2348 756 mortuas
2378 701 2630 756 suscitat.

2172 792 2380 848 LXVII.
2426 791 2551 847 Ilaec
2579 802 2633 848 et
2651 792 2741 849 his
2765 793 2967 848 similia
2996 793 3168 846 multa
3198 807 3265 848 eo
3293 804 3686 864 prosequente,

2101 885 2378 939 exsecrari
2406 899 2530 938 eum
2561 885 2726 954 cmpit
2773 885 3028 954 papulus,
3072 891 3127 938 et
3157 883 3362 939 dabant
3405 885 3592 940 Iletum
3631 895 3688 940 et

2099 971 2382 1041 gemitum,
2408 971 2538 1040 quia
2563 981 2886 1041 peccassent
2916 973 2970 1025 in
2996 971 3216 1027 Petrum
3247 972 3532 1030 credentes
3555 991 3685 1029 eum

2099 1076 2223 1117 esse
2251 1076 2468 1131 magum
2506 1069 2561 1117 et
2591 1062 2842 1132 impium.
2880 1062 3084 1140 Eodem
3115 1078 3246 1118 vero
3277 1064 3366 1120 die
3392 1065 3460 1118 ad
3487 1080 3674 1136 vespe-

2097 1169 2216 1208 ram
2261 1154 2514 1208 restituta
2542 1165 2629 1210 est
2673 1157 2731 1211 in
2763 1153 3123 1212 Faustiniano
3155 1157 3326 1213 iacies
3361 1159 3596 1227 prepria,
3623 1167 3684 1211 et

2097 1245 2366 1300 abscessit
2413 1246 2482 1300 ab
2527 1261 2594 1302 eo
2638 1254 2898 1316 aspectus
2941 1247 3184 1304 Simonis
3229 1245 3391 1318 Magi.
3435 1247 3681 1303 Audiens

2098 1346 2278 1391 autem
2313 1335 2502 1392 Simon
2545 1338 2753 1392 vultum
2780 1353 2942 1393 suum
2975 1339 3032 1393 in
3060 1355 3127 1394 eo
3163 1339 3234 1394 ad
3267 1337 3412 1394 Petri
3449 1341 3680 1410 gloriam

2095 1427 2414 1498 profecisse,
2458 1428 2693 1484 festinus
2740 1430 3004 1499 praevenit
3047 1429 3271 1485 Petrum
3300 1439 3355 1485 et
3378 1446 3540 1502 agere
3580 1447 3681 1484 cu-

2099 1518 2250 1589 piens
2280 1526 2398 1573 arte
2447 1533 2577 1584 sua,
2617 1526 2678 1572 ut
2724 1533 2754 1571 a
2804 1517 3164 1573 Faustiniano
3210 1519 3330 1587 ejus
3376 1519 3680 1574 similitudo

2093 1611 2394 1675 recederet,
2420 1625 2546 1665 cum
2570 1609 2685 1679 jam
2731 1610 2835 1664 hoc
2875 1610 3035 1680 juxta
3067 1610 3295 1664 verbum
3324 1611 3559 1680 apostoli
3590 1613 3679 1666 sui

2093 1702 2349 1758 Christus
2375 1702 2674 1772 implesset.
2704 1700 2958 1758 Videntes
2984 1710 3164 1756 autem
3190 1700 3378 1755 Niceta
3399 1708 3455 1756 et
3477 1701 3680 1772 Aquila

2024 1790 2066 1846 Β
2095 1803 2218 1866 post
2251 1792 2694 1863 praedicationem
2743 1790 3111 1846 necessariam
3149 1798 3437 1861 paternam
3478 1789 3682 1846 faciem

2093 1887 2425 1949 restitutam,
2457 1884 2664 1956 gratias
2692 1891 2916 1954 agentes
2946 1882 3078 1948 Deo,
3111 1897 3222 1937 non
3255 1897 3378 1936 eum
3411 1881 3680 1954 permise-

2093 1988 2223 2034 runt
2254 1978 2486 2034 ulterius
2513 1975 2719 2046 alloqui
2754 1977 3040 2047 populum.

2171 2069 2403 2126 LXVIII.
2453 2069 2644 2124 Simon
2692 2077 2876 2123 autem
2926 2069 3093 2139 coepit
3138 2070 3268 2124 licet
3316 2068 3532 2124 occulte
3577 2082 3682 2137 per

2093 2162 2302 2216 amicos
2353 2175 2484 2217 suos
2527 2167 2582 2216 et
2631 2159 2929 2215 familiares
2976 2159 3288 2223 ambulare,
3336 2167 3390 2214 et
3435 2160 3679 2229 amplius

2090 2253 2254 2311 Petro
2279 2254 2543 2325 derogare
2565 2268 2727 2325 quam
2750 2259 2930 2308 antea.
2954 2251 3109 2306 Tunc
3131 2268 3324 2308 omnes
3344 2263 3678 2322 exspuenles

2089 2347 2145 2401 in
2183 2345 2378 2400 faciem
2417 2346 2556 2415 ejus,
2582 2345 2908 2415 expulerunt
2936 2359 3062 2398 eum
3109 2344 3178 2399 de
3207 2344 3449 2407 civitate,
3478 2333 3679 2400 dicen-

2088 2446 2209 2492 tes:
2242 2436 2323 2491 Tu
2354 2437 2465 2492 eris
2507 2451 2636 2493 reus
2676 2436 2870 2491 mortis
2919 2445 3046 2501 tuae,
3090 2436 3137 2490 si
3171 2437 3404 2492 ulterius
3451 2436 3676 2495 locutus

2087 2543 2279 2586 contra
2307 2529 2528 2586 Petrum
2561 2531 2668 2585 huc
2698 2529 2797 2584 tibi
2827 2528 3134 2585 credideris
3164 2544 3288 2585 esse
3315 2530 3671 2586 veniendum.

2087 2621 2298 2688 Quibus
2343 2622 2605 2695 cognitis,
2631 2620 2828 2677 Petrus
2863 2629 3082 2692 postera
3109 2621 3196 2676 die
3235 2623 3530 2678 convenire
3563 2639 3672 2693 po-

2085 2716 2244 2788 pulos
2271 2715 2446 2785 jubet,
2474 2727 2528 2771 et
2558 2730 2666 2770 uno
2692 2731 2761 2770 ex
2788 2715 2875 2769 his
2906 2714 2998 2784 qui
3029 2715 3399 2786 sequebantur
3421 2733 3545 2771 eum
3572 2732 3671 2770 or-

2084 2812 2274 2865 dinato
2302 2810 2385 2866 eis
2416 2811 2697 2880 episcopo,
2733 2809 2856 2864 aliis
2903 2809 3064 2863 etiam
3095 2809 3452 2880 presbyteris,
3485 2810 3671 2880 bapti-

2084 2903 2221 2958 zalis
2253 2916 2471 2972 quoque
2498 2901 2773 2971 plurimis,
2803 2909 2860 2955 et
2887 2901 3141 2955 omnibus
3170 2901 3262 2970 qui
3295 2909 3456 2955 erant
3482 2903 3669 2957 vexati

2083 2993 2439 3065 languoribus
2478 2993 2563 3047 vel
2591 2991 2956 3056 daemonibus,
3009 2992 3231 3045 sanitati
3271 2991 3521 3054 redditis,
3567 2991 3670 3048 de-

2081 3093 2328 3140 moratus
2358 3083 2432 3139 ibi
2461 3083 2607 3137 aliud
2638 3083 2899 3151 triduum,
2929 3083 3141 3138 cunctis
3177 3085 3280 3136 rite
3313 3085 3667 3155 compositis,

2081 3176 2390 3231 valedicens
2419 3176 2521 3240 eis,
2555 3175 2920 3246 proﬁciscitur
2952 3191 2982 3229 a
3010 3173 3268 3230 Laodicia
3299 3177 3537 3231 multum
3569 3178 3673 3232 de-

2084 3268 2398 3324 siderabilis
2420 3267 2868 3324 Antiochensium
2898 3268 3071 3338 plebi;
3101 3277 3154 3323 et
3185 3270 3352 3338 capit
3381 3285 3476 3339 per
3504 3268 3672 3325 Nice-

2083 3371 2193 3416 tam
2233 3367 2288 3414 et
2329 3359 2581 3430 Aquilam
2631 3368 2746 3415 tota
2795 3361 2990 3416 civitas
3041 3361 3253 3427 audire,
3293 3363 3422 3432 quia
3464 3360 3670 3418 Petrus

2085 3447 2431 3507 adventaret.
2461 3449 2654 3505 Omnis
2685 3460 2864 3506 autem
2907 3451 3143 3522 populus
3188 3451 3493 3507 Antiochia:
3529 3453 3671 3508 civi-

2082 3540 2208 3594 tatis
2259 3540 2487 3596 audiens
2535 3539 2757 3596 Petrum
2807 3542 3025 3606 venire,
3073 3549 3432 3596 occurrerunt
3474 3543 3556 3608 ei,
3610 3550 3671 3599 et

2079 3645 2220 3700 pene
2258 3646 2451 3688 omnes
2501 3632 2738 3702 majores
2787 3641 2917 3687 natu
2965 3641 3019 3687 et
3072 3634 3305 3700 nobiles,
3343 3635 3528 3690 cinere
3569 3649 3668 3690 as-

2080 3723 2226 3794 persi
2279 3724 2332 3778 in
2371 3725 2571 3794 capite,
2615 3726 2988 3796 pmnitentiam
3048 3734 3289 3797 agentes,
3332 3727 3426 3797 qui
3459 3737 3662 3784 contra

2082 3817 2528 3886 praedicationem
2586 3818 2708 3888 ejus
2768 3833 2985 3890 magum
3053 3817 3332 3874 Simonem
3381 3820 3667 3890 suscepis-

2081 3913 2222 3963 sent.

2150 3996 2333 4050 LXIX.
2376 3996 2501 4053 Ilaec
2526 4007 2580 4055 et
2627 4001 2713 4056 his
2743 4002 2940 4057 similia
2971 4009 3385 4072 prosequentes,
3416 4000 3661 4057 oﬂ'crunt

2078 4089 2126 4144 ei
2153 4097 2375 4145 vexatos
2405 4091 2762 4163 languoribus
2785 4101 2839 4149 et
2870 4093 3154 4150 daunoniis
3189 4093 3461 4164 fatigato_s,
3494 4108 3663 4163 para-

2078 4178 2272 4250 lyticos
2296 4151 2528 4252 quoque
2538 4191 2591 4237 et
2621 4182 2834 4238 diversa
2864 4185 3104 4254 pericula
3134 4151 3428 4254 patientes';
3460 4151 3515 4239 el.
3537 4192 3659 4238 erat

2078 4272 2287 4328 infinita
2320 4275 2610 4330 multitudo
2639 4275 2801 4331 simul
2849 4277 3242 4347 languentium.
3277 4277 3430 4342 Quos
3457 4275 3658 4329 videns
3716 4314 3724 4321 .

2075 4365 2271 4422 Petrus
2303 4382 2412 4421 non
2447 4369 2622 4422 solum
2653 4367 3047 4439 pmnitudinem
3081 4383 3260 4439 agere,
3301 4367 3446 4439 quod
3479 4367 3546 4422 de
3587 4381 3660 4422 eo

2077 4459 2217 4514 male
2263 4459 2564 4515 sensissent
2590 4471 2686 4528 per
2719 4457 3018 4520 Simonem,
3055 4473 3244 4513 verum
3276 4466 3329 4514 et
3359 4466 3468 4512 tam
3512 4457 3659 4513 inte—

391 4548 586 4624 ἀνίης
613 4577 795 4624 vestra
838 4577 1061 4639 repeme
1101 4548 1369 4640 deberi”.
1395 4548 1546 4636 ριίω
1588 4548 1770 4624 {lu—tem
1800 4548 1969 4626 cui,”
1999 4551 2047 4611 D
2072 4563 2224 4619 gram
2259 4551 2416 4605 Iidem
2446 4549 2703 4605 exhibere
2735 4548 2862 4609 Deo,
2891 4558 2950 4603 ut
2989 4549 3150 4604 etiam
3182 4565 3372 4606 omnes
3403 4550 3658 4606 diversas

390 4661 480 4726 sit,
505 4668 563 4712 ut
589 4659 706 4714 haec
731 4658 888 4714 vobis
920 4661 1067 4714 ultro
1101 4660 1364 4715 confitear
1390 4679 1404 4716 :
1431 4661 1500 4715 ab
1530 4661 1723 4731 angelo
1750 4660 1844 4715 Dei
1869 4661 1972 4714 hac

386 4758 550 4806 nocte
578 4751 929 4806 vehementer
951 4759 1236 4821 correptus
1267 4766 1409 4813 sum,
1432 4760 1486 4805 et
1516 4766 1616 4804 cur
1637 4753 1684 4806 ei
1716 4751 1972 4808 inimicus

386 4844 723 4908 exstiterim,
779 4845 1264 4901 vehementissime
1314 4844 1640 4916 flagellatus.
1697 4843 1970 4915 Deprecor

385 4951 517 5006 ergo
557 4951 675 5001 vos,
709 4943 768 4989 ut
798 4936 845 4990 si
876 4952 978 5006 ego
1009 4937 1127 5006 ipse
1163 4954 1228 4992 ex
1272 4937 1375 4991 hac
1417 4937 1550 4991 hora
1599 4952 1865 5006 aperuero
1907 4954 1969 4994 os

384 5043 566 5082 meum
599 5036 792 5082 contra
840 5042 988 5092 eum,
1020 5027 1322 5098 projiciatis
1369 5042 1457 5082 me
1496 5026 1563 5080 ab
1608 5037 1827 5097 aspectu
1881 5043 1972 5082 vc-

385 5128 531 5187 stro;
578 5120 668 5174 ille
699 5121 846 5174 enim
881 5118 1194 5174 immundus
1226 5119 1439 5173 daemon
1475 5119 1636 5172 saluti
1688 5119 1969 5173 hominum

386 5214 645 5271 inimicus
689 5228 784 5284 per
826 5229 889 5267 os
921 5228 1100 5268 meum
1130 5220 1326 5266 contra
1369 5212 1546 5282 ipsum
1596 5213 1857 5282 loquitur,
1900 5229 1968 5269 ne

384 5323 483 5380 per
523 5323 652 5364 eum
693 5322 792 5363 vos
822 5306 1144 5378 pertingatis
1171 5305 1238 5360 ad
1273 5305 1460 5360 vitam.
1501 5304 1642 5370 Quid
1683 5306 1827 5359 enim
1875 5319 1965 5359 ars

383 5401 594 5471 magica
644 5414 738 5469 per
783 5414 870 5453 me
916 5397 1073 5452 vobis
1119 5395 1296 5466 potuit
1347 5395 1568 5449 virtutis
1633 5392 1963 5448 ostendere?

379 5491 561 5546 Canes
590 5490 695 5545 feci
724 5484 896 5544 arcos
925 5489 1126 5544 latrare
1164 5495 1217 5541 et
1263 5492 1472 5540 Statuas
1503 5483 1727 5548 moveri,
1761 5481 1963 5552 figuras

381 5582 584 5638 mutari
612 5581 896 5636 hominum
918 5587 972 5635 et
1018 5578 1202 5636 subito
1240 5575 1309 5630 ab
1337 5575 1650 5645 aspectibus
1677 5574 1962 5628 hominum

385 5674 705 5742 ahsentari;
747 5682 800 5729 et
848 5688 948 5744 per
995 5673 1112 5727 lucc
1162 5668 1432 5726 debuistis
1478 5675 1650 5721 artem
1695 5667 1962 5738 magicam

381 5768 680 5830 exsecrari,
714 5783 835 5836 quae
867 5774 926 5819 ut
954 5765 1109 5820 vobis
1153 5763 1477 5816 miraculum
1516 5761 1680 5821 inane
1727 5767 1962 5829 praeten-

383 5862 590 5925 derem,
611 5859 822 5914 animas
849 5867 1059 5915 vestras
1082 5855 1369 5918 diabolicis
1399 5852 1609 5922 laqueis
1635 5849 1957 5918 innodabat,

2073 4644 2424 4713 aegritudines
2453 4643 2722 4712 patientes
2752 4642 3036 4698 crederent
3065 4658 3160 4712 per
3193 4658 3318 4697 eum
3347 4657 3510 4712 posse
3540 4643 3661 4698 sal-

2071 4733 2210 4798 vari,
2242 4735 2502 4803 expandit
2542 4734 2607 4788 ad
2654 4736 2851 4788 caelum
2884 4749 3080 4788 manus
3111 4747 3262 4798 suas,
3301 4739 3355 4787 et
3396 4748 3522 4787 cum
3572 4733 3657 4787 la-

2071 4827 2274 4898 crymis
2318 4827 2618 4882 orationem
2661 4825 2969 4889 effundens,
3009 4826 3213 4895 gratias
3249 4823 3492 4882 referens
3537 4823 3655 4881 Deo

2069 4916 2882 4986 dicebat:Benedicc)te,Pater
2925 4915 3310 4986 praedicande,
3351 4917 3443 4988 qui
3487 4931 3655 4972 omne

2069 5010 2298 5064 verbum
2321 5015 2376 5063 et
2406 5007 2733 5078 promissum
2771 5006 2893 5062 Filii
2923 5008 3002 5061 tui
3053 5009 3350 5080 adimplere
3376 4992 3650 5080 dignaris,

2069 5110 2132 5156 ut
2180 5108 2479 5171 cognoscat
2507 5099 2689 5155 omnis
2727 5107 3011 5169 creatura,
3052 5100 3180 5171 quia
3212 5109 3270 5154 tu
3313 5101 3464 5158 solus
3502 5100 3652 5159 Deus

2069 5194 2124 5248 in
2154 5195 2294 5249 cmlo
2324 5201 2377 5248 ct
2407 5193 2461 5247 in
2503 5202 2671 5248 terra.
2741 5193 2744 5196 ’

2137 5286 2301 5342 LXX.
2341 5286 2466 5340 Ilmc
2489 5295 2544 5341 et
2568 5285 2652 5343 his
2679 5286 2879 5341 similia
2902 5287 3113 5348 dicens,
3148 5286 3394 5344 ascendit
3421 5290 3478 5344 in
3509 5289 3654 5343 emi-

2066 5379 2302 5433 nentiori
2328 5379 2448 5433 loco
2473 5385 2526 5432 et
2551 5377 2717 5447 jussit
2749 5386 2875 5433 ante
2914 5393 2972 5434 se
3000 5379 3130 5448 poni
3156 5393 3372 5433 omnem
3401 5378 3650 5433 multitu-

2065 5475 2244 5528 dinem
2267 5472 2668 5543 tegrotantium,
2696 5487 2834 5541 quos
2867 5487 3057 5526 omnes
3089 5471 3188 5525 hac
3217 5485 3350 5526 voce
3371 5471 3652 5526 allocutus

2064 5577 2149 5626 est
2176 5587 2189 5622 :
2222 5566 2465 5621 Similem
2497 5565 2653 5620 vobis
2685 5565 2957 5620 hominem
2991 5581 3076 5620 me
3106 5581 3226 5619 esse
3249 5563 3517 5625 videntes,
3553 5578 3650 5616 no-

2063 5663 2157 5717 lite
2191 5668 2382 5730 putare
2424 5659 2569 5728 quod
2599 5673 2629 5711 a
2665 5673 2750 5713 me
2780 5657 3006 5728 possitis
3049 5669 3375 5725 recuperare
3407 5654 3644 5708 salutem

2061 5760 2319 5814 vestram,
2361 5750 2452 5806 sed
2484 5765 2579 5818 per
2606 5765 2730 5804 eum
2767 5749 2859 5820 qui
2886 5748 2951 5804 de
2981 5749 3122 5802 caelo
3150 5747 3514 5807 descendens,
3551 5759 3647 5799 os—

2063 5847 2236 5903 tendit
2275 5845 2624 5902 credentibus
2655 5843 2758 5900 sibi
2789 5843 3051 5914 integram
3085 5845 3277 5896 animze
3305 5849 3360 5896 et
3388 5836 3645 5908 corporis
