  <div class='ocr_page' id='page_1' title='image "/cluster/home/n/w/nwhite01/storage/ocr_20150623/1/mdp.39015014764065/738.png"; bbox 0 0 4036 6252; ppageno 0'>
   <div class='ocr_carea' id='block_1_1' title="bbox 384 336 523 394">
    <p class='ocr_par' dir='ltr' id='par_1_1' title="bbox 384 336 523 394">
     <span class='ocr_line' id='line_1_1' title="bbox 384 336 523 394; baseline -0.022 -1"><span class='ocrx_word' id='word_1_1' title='bbox 384 336 523 394; x_wconf 60' lang='grc' dir='ltr'><strong>ηδτ</strong></span> 
     </span>
    </p>
   </div>
   <div class='ocr_carea' id='block_1_2' title="bbox 1585 327 2421 388">
    <p class='ocr_par' dir='ltr' id='par_1_2' title="bbox 1585 327 2421 388">
     <span class='ocr_line' id='line_1_2' title="bbox 1585 327 2421 388; baseline 0.001 -4"><span class='ocrx_word' id='word_1_2' title='bbox 1585 327 2149 388; x_wconf 80' lang='lat' dir='ltr'><strong>RECOGNITIONUM</strong></span> <span class='ocrx_word' id='word_1_3' title='bbox 2184 329 2314 386; x_wconf 88' lang='lat' dir='ltr'><strong>LlB.</strong></span> <span class='ocrx_word' id='word_1_4' title='bbox 2354 330 2421 385; x_wconf 81' lang='grc' dir='ltr'><strong>Χ.</strong></span> 
     </span>
    </p>
   </div>
   <div class='ocr_carea' id='block_1_3' title="bbox 3479 333 3614 391">
    <p class='ocr_par' dir='ltr' id='par_1_3' title="bbox 3479 333 3614 391">
     <span class='ocr_line' id='line_1_3' title="bbox 3479 333 3614 391; baseline 0.022 -3"><span class='ocrx_word' id='word_1_5' title='bbox 3479 333 3614 391; x_wconf 66' lang='lat'><strong>“5!-</strong></span> 
     </span>
    </p>
   </div>
   <div class='ocr_carea' id='block_1_4' title="bbox 382 442 3614 533">
    <p class='ocr_par' dir='ltr' id='par_1_4' title="bbox 382 442 3614 533">
     <span class='ocr_line' id='line_1_4' title="bbox 382 442 3614 533; baseline 0.001 -30"><span class='ocrx_word' id='word_1_6' title='bbox 382 446 739 511; x_wconf 86' lang='lat' dir='ltr'><strong>medicinam;</strong></span> <span class='ocrx_word' id='word_1_7' title='bbox 780 445 923 502; x_wconf 90' lang='lat' dir='ltr'><strong>unde</strong></span> <span class='ocrx_word' id='word_1_8' title='bbox 951 459 1054 499; x_wconf 80' lang='lat' dir='ltr'><strong>vox</strong></span> <span class='ocrx_word' id='word_1_9' title='bbox 1097 450 1279 499; x_wconf 89' lang='lat' dir='ltr'><strong>vestra</strong></span> <span class='ocrx_word' id='word_1_10' title='bbox 1319 449 1515 498; x_wconf 88' lang='lat' dir='ltr'><strong>testem</strong></span> <span class='ocrx_word' id='word_1_11' title='bbox 1561 442 1759 497; x_wconf 91' lang='lat' dir='ltr'><strong>habeat</strong></span> <span class='ocrx_word' id='word_1_12' title='bbox 1800 443 1950 497; x_wconf 89' lang='lat' dir='ltr'><strong>hunc</strong></span> <span class='ocrx_word' id='word_1_13' title='bbox 1978 451 2027 509; x_wconf 73' lang='grc' dir='ltr'><strong>Α</strong></span> <span class='ocrx_word' id='word_1_14' title='bbox 2121 462 2332 518; x_wconf 45' lang='lat' dir='ltr'><strong>LXX“.</strong></span> <span class='ocrx_word' id='word_1_15' title='bbox 2374 461 2514 515; x_wconf 78' lang='lat' dir='ltr'><strong>Tum</strong></span> <span class='ocrx_word' id='word_1_16' title='bbox 2548 476 2647 533; x_wconf 66' lang='lat' dir='ltr'><strong>ego</strong></span> <span class='ocrx_word' id='word_1_17' title='bbox 2677 461 2929 519; x_wconf 67' lang='lat' dir='ltr'><strong>Clemens</strong></span> <span class='ocrx_word' id='word_1_18' title='bbox 2957 477 3080 518; x_wconf 71' lang='lat' dir='ltr'><strong>cum</strong></span> <span class='ocrx_word' id='word_1_19' title='bbox 3110 464 3368 521; x_wconf 59' lang='lat' dir='ltr'><strong>hau-ibus</strong></span> <span class='ocrx_word' id='word_1_20' title='bbox 3396 468 3533 522; x_wconf 62' lang='lat' dir='ltr'><strong>meis</strong></span> <span class='ocrx_word' id='word_1_21' title='bbox 3558 477 3614 523; x_wconf 69' lang='grc' dir='ltr'><strong>ει</strong></span> 
     </span>
    </p>
   </div>
   <div class='ocr_carea' id='block_1_5' title="bbox 381 532 1946 609">
    <p class='ocr_par' dir='ltr' id='par_1_5' title="bbox 381 532 1946 609">
     <span class='ocr_line' id='line_1_5' title="bbox 381 532 1946 609; baseline -0.003 -16"><span class='ocrx_word' id='word_1_22' title='bbox 381 554 597 593; x_wconf 90' lang='lat' dir='ltr'><strong>omnem</strong></span> <span class='ocrx_word' id='word_1_23' title='bbox 631 539 907 609; x_wconf 89' lang='lat' dir='ltr'><strong>populum.</strong></span> <span class='ocrx_word' id='word_1_24' title='bbox 933 536 1059 605; x_wconf 84' lang='lat' dir='ltr'><strong>quia</strong></span> <span class='ocrx_word' id='word_1_25' title='bbox 1088 551 1154 589; x_wconf 84' lang='lat' dir='ltr'><strong>ex</strong></span> <span class='ocrx_word' id='word_1_26' title='bbox 1181 542 1294 589; x_wconf 94' lang='lat' dir='ltr'><strong>toto</strong></span> <span class='ocrx_word' id='word_1_27' title='bbox 1320 535 1483 589; x_wconf 90' lang='lat' dir='ltr'><strong>corde</strong></span> <span class='ocrx_word' id='word_1_28' title='bbox 1509 535 1733 589; x_wconf 81' lang='lat' dir='ltr'><strong>creditis</strong></span> <span class='ocrx_word' id='word_1_29' title='bbox 1754 534 1810 587; x_wconf 92' lang='lat' dir='ltr'><strong>in</strong></span> <span class='ocrx_word' id='word_1_30' title='bbox 1840 532 1946 588; x_wconf 91' lang='lat' dir='ltr'><strong>D0-</strong></span> 
     </span>
    </p>
   </div>
   <div class='ocr_carea' id='block_1_6' title="bbox 382 627 1945 703">
    <p class='ocr_par' dir='ltr' id='par_1_6' title="bbox 382 627 1945 703">
     <span class='ocr_line' id='line_1_6' title="bbox 382 627 1945 703; baseline -0.003 -18"><span class='ocrx_word' id='word_1_31' title='bbox 382 633 532 685; x_wconf 91' lang='lat' dir='ltr'><strong>mino</strong></span> <span class='ocrx_word' id='word_1_32' title='bbox 563 630 692 687; x_wconf 86' lang='lat' dir='ltr'><strong>Jesu</strong></span> <span class='ocrx_word' id='word_1_33' title='bbox 712 631 949 703; x_wconf 79' lang='lat' dir='ltr'><strong>Christo,</strong></span> <span class='ocrx_word' id='word_1_34' title='bbox 980 637 1035 683; x_wconf 92' lang='lat' dir='ltr'><strong>ut</strong></span> <span class='ocrx_word' id='word_1_35' title='bbox 1065 629 1241 683; x_wconf 93' lang='lat' dir='ltr'><strong>sciant</strong></span> <span class='ocrx_word' id='word_1_36' title='bbox 1270 627 1429 682; x_wconf 87' lang='lat' dir='ltr'><strong>etiam</strong></span> <span class='ocrx_word' id='word_1_37' title='bbox 1461 643 1519 682; x_wconf 92' lang='lat' dir='ltr'><strong>se</strong></span> <span class='ocrx_word' id='word_1_38' title='bbox 1551 627 1699 697; x_wconf 91' lang='lat' dir='ltr'><strong>ipsos</strong></span> <span class='ocrx_word' id='word_1_39' title='bbox 1730 628 1797 682; x_wconf 83' lang='lat' dir='ltr'><strong>ab</strong></span> <span class='ocrx_word' id='word_1_40' title='bbox 1827 628 1945 697; x_wconf 88' lang='lat' dir='ltr'><strong>ipso</strong></span> 
     </span>
    </p>
   </div>
   <div class='ocr_carea' id='block_1_7' title="bbox 382 720 1947 793">
    <p class='ocr_par' dir='ltr' id='par_1_7' title="bbox 382 720 1947 793">
     <span class='ocr_line' id='line_1_7' title="bbox 382 720 1947 793; baseline -0.003 -15"><span class='ocrx_word' id='word_1_41' title='bbox 382 740 545 793; x_wconf 89' lang='lat' dir='ltr'><strong>posse</strong></span> <span class='ocrx_word' id='word_1_42' title='bbox 582 723 802 779; x_wconf 90' lang='lat' dir='ltr'><strong>salvari.</strong></span> <span class='ocrx_word' id='word_1_43' title='bbox 842 721 1087 791; x_wconf 88' lang='lat' dir='ltr'><strong>Cumque</strong></span> <span class='ocrx_word' id='word_1_44' title='bbox 1116 720 1296 775; x_wconf 90' lang='lat' dir='ltr'><strong>omnis</strong></span> <span class='ocrx_word' id='word_1_45' title='bbox 1332 720 1623 774; x_wconf 80' lang='lat' dir='ltr'><strong>multitudo</strong></span> <span class='ocrx_word' id='word_1_46' title='bbox 1664 720 1947 773; x_wconf 88' lang='lat' dir='ltr'><strong>inﬁrman-</strong></span> 
     </span>
    </p>
   </div>
   <div class='ocr_carea' id='block_1_8' title="bbox 379 812 1944 882">
    <p class='ocr_par' dir='ltr' id='par_1_8' title="bbox 379 812 1944 882">
     <span class='ocr_line' id='line_1_8' title="bbox 379 812 1944 882; baseline -0.003 -12"><span class='ocrx_word' id='word_1_47' title='bbox 379 818 518 871; x_wconf 90' lang='lat' dir='ltr'><strong>tium</strong></span> <span class='ocrx_word' id='word_1_48' title='bbox 568 832 674 872; x_wconf 89' lang='lat' dir='ltr'><strong>una</strong></span> <span class='ocrx_word' id='word_1_49' title='bbox 712 831 845 870; x_wconf 84' lang='lat' dir='ltr'><strong>voce</strong></span> <span class='ocrx_word' id='word_1_50' title='bbox 887 816 1165 882; x_wconf 89' lang='lat' dir='ltr'><strong>clamaret,</strong></span> <span class='ocrx_word' id='word_1_51' title='bbox 1199 815 1344 868; x_wconf 87' lang='lat' dir='ltr'><strong>hunc</strong></span> <span class='ocrx_word' id='word_1_52' title='bbox 1388 829 1510 870; x_wconf 90' lang='lat' dir='ltr'><strong>esse</strong></span> <span class='ocrx_word' id='word_1_53' title='bbox 1554 829 1742 869; x_wconf 73' lang='lat' dir='ltr'><strong>verum</strong></span> <span class='ocrx_word' id='word_1_54' title='bbox 1776 812 1944 867; x_wconf 90' lang='lat' dir='ltr'><strong>Deum</strong></span> 
     </span>
    </p>
   </div>
   <div class='ocr_carea' id='block_1_9' title="bbox 381 905 1942 981">
    <p class='ocr_par' dir='ltr' id='par_1_9' title="bbox 381 905 1942 981">
     <span class='ocr_line' id='line_1_9' title="bbox 381 905 1942 981; baseline -0.004 -17"><span class='ocrx_word' id='word_1_55' title='bbox 381 924 539 981; x_wconf 86' lang='lat' dir='ltr'><strong>quem</strong></span> <span class='ocrx_word' id='word_1_56' title='bbox 570 908 762 962; x_wconf 81' lang='lat' dir='ltr'><strong>Petrus</strong></span> <span class='ocrx_word' id='word_1_57' title='bbox 806 906 1114 972; x_wconf 77' lang='lat' dir='ltr'><strong>annuntiat,</strong></span> <span class='ocrx_word' id='word_1_58' title='bbox 1161 906 1343 959; x_wconf 88' lang='lat' dir='ltr'><strong>subito</strong></span> <span class='ocrx_word' id='word_1_59' title='bbox 1384 906 1709 959; x_wconf 90' lang='lat' dir='ltr'><strong>immensum</strong></span> <span class='ocrx_word' id='word_1_60' title='bbox 1758 905 1942 959; x_wconf 90' lang='lat' dir='ltr'><strong>lumen</strong></span> 
     </span>
    </p>
   </div>
   <div class='ocr_carea' id='block_1_10' title="bbox 380 997 1945 1072">
    <p class='ocr_par' dir='ltr' id='par_1_10' title="bbox 380 997 1945 1072">
     <span class='ocr_line' id='line_1_10' title="bbox 380 997 1945 1072; baseline -0.003 -18"><span class='ocrx_word' id='word_1_61' title='bbox 380 1000 565 1072; x_wconf 63' lang='lat' dir='ltr'><strong>gratia;</strong></span> <span class='ocrx_word' id='word_1_62' title='bbox 593 997 687 1053; x_wconf 89' lang='lat' dir='ltr'><strong>Dei</strong></span> <span class='ocrx_word' id='word_1_63' title='bbox 724 1000 779 1052; x_wconf 92' lang='lat' dir='ltr'><strong>in</strong></span> <span class='ocrx_word' id='word_1_64' title='bbox 822 998 1000 1053; x_wconf 91' lang='lat' dir='ltr'><strong>medio</strong></span> <span class='ocrx_word' id='word_1_65' title='bbox 1032 997 1205 1067; x_wconf 85' lang='lat' dir='ltr'><strong>plebis</strong></span> <span class='ocrx_word' id='word_1_66' title='bbox 1248 997 1531 1067; x_wconf 84' lang='lat' dir='ltr'><strong>apparuit,</strong></span> <span class='ocrx_word' id='word_1_67' title='bbox 1565 1005 1619 1052; x_wconf 91' lang='lat' dir='ltr'><strong>et</strong></span> <span class='ocrx_word' id='word_1_68' title='bbox 1662 1005 1945 1068; x_wconf 70' lang='lat' dir='ltr'><strong>cmperunt</strong></span> 
     </span>
    </p>
   </div>
   <div class='ocr_carea' id='block_1_11' title="bbox 380 1088 1946 1165">
    <p class='ocr_par' dir='ltr' id='par_1_11' title="bbox 380 1088 1946 1165">
     <span class='ocr_line' id='line_1_11' title="bbox 380 1088 1946 1165; baseline -0.003 -19"><span class='ocrx_word' id='word_1_69' title='bbox 380 1091 662 1165; x_wconf 87' lang='lat' dir='ltr'><strong>paralytici</strong></span> <span class='ocrx_word' id='word_1_70' title='bbox 690 1105 911 1144; x_wconf 85' lang='lat' dir='ltr'><strong>currere</strong></span> <span class='ocrx_word' id='word_1_71' title='bbox 950 1090 1016 1143; x_wconf 88' lang='lat' dir='ltr'><strong>ad</strong></span> <span class='ocrx_word' id='word_1_72' title='bbox 1048 1090 1211 1159; x_wconf 86' lang='lat' dir='ltr'><strong>pedes</strong></span> <span class='ocrx_word' id='word_1_73' title='bbox 1240 1088 1386 1144; x_wconf 92' lang='lat' dir='ltr'><strong>Petri</strong></span> <span class='ocrx_word' id='word_1_74' title='bbox 1430 1090 1581 1153; x_wconf 89' lang='lat' dir='ltr'><strong>sani,</strong></span> <span class='ocrx_word' id='word_1_75' title='bbox 1617 1090 1743 1143; x_wconf 63' lang='lat' dir='ltr'><strong>caeci</strong></span> <span class='ocrx_word' id='word_1_76' title='bbox 1785 1104 1946 1145; x_wconf 85' lang='lat' dir='ltr'><strong>recu-</strong></span> 
     </span>
    </p>
   </div>
   <div class='ocr_carea' id='block_1_12' title="bbox 378 1182 1945 1254">
    <p class='ocr_par' dir='ltr' id='par_1_12' title="bbox 378 1182 1945 1254">
     <span class='ocr_line' id='line_1_12' title="bbox 378 1182 1945 1254; baseline -0.004 -15"><span class='ocrx_word' id='word_1_77' title='bbox 378 1192 565 1254; x_wconf 90' lang='lat' dir='ltr'><strong>perato</strong></span> <span class='ocrx_word' id='word_1_78' title='bbox 593 1184 713 1238; x_wconf 85' lang='lat' dir='ltr'><strong>visu</strong></span> <span class='ocrx_word' id='word_1_79' title='bbox 749 1184 1008 1248; x_wconf 89' lang='lat' dir='ltr'><strong>clamare,</strong></span> <span class='ocrx_word' id='word_1_80' title='bbox 1043 1182 1220 1236; x_wconf 89' lang='lat' dir='ltr'><strong>claudi</strong></span> <span class='ocrx_word' id='word_1_81' title='bbox 1259 1189 1568 1236; x_wconf 85' lang='lat' dir='ltr'><strong>restaurato</strong></span> <span class='ocrx_word' id='word_1_82' title='bbox 1597 1196 1789 1251; x_wconf 90' lang='lat' dir='ltr'><strong>gressu</strong></span> <span class='ocrx_word' id='word_1_83' title='bbox 1821 1196 1945 1249; x_wconf 80' lang='lat' dir='ltr'><strong>gra-</strong></span> 
     </span>
    </p>
   </div>
   <div class='ocr_carea' id='block_1_13' title="bbox 380 1275 1941 1347">
    <p class='ocr_par' dir='ltr' id='par_1_13' title="bbox 380 1275 1941 1347">
     <span class='ocr_line' id='line_1_13' title="bbox 380 1275 1941 1347; baseline -0.001 -18"><span class='ocrx_word' id='word_1_84' title='bbox 380 1277 483 1331; x_wconf 84' lang='lat' dir='ltr'><strong>tias</strong></span> <span class='ocrx_word' id='word_1_85' title='bbox 532 1291 710 1347; x_wconf 86' lang='lat' dir='ltr'><strong>agere,</strong></span> <span class='ocrx_word' id='word_1_86' title='bbox 761 1276 1081 1345; x_wconf 81' lang='lat' dir='ltr'><strong>languentes</strong></span> <span class='ocrx_word' id='word_1_87' title='bbox 1130 1285 1345 1344; x_wconf 89' lang='lat' dir='ltr'><strong>recepta</strong></span> <span class='ocrx_word' id='word_1_88' title='bbox 1403 1278 1634 1330; x_wconf 85' lang='lat' dir='ltr'><strong>sanitate</strong></span> <span class='ocrx_word' id='word_1_89' title='bbox 1686 1275 1941 1345; x_wconf 85' lang='lat' dir='ltr'><strong>gaudere,</strong></span> 
     </span>
    </p>
   </div>
   <div class='ocr_carea' id='block_1_14' title="bbox 377 1371 1943 1442">
    <p class='ocr_par' dir='ltr' id='par_1_14' title="bbox 377 1371 1943 1442">
     <span class='ocr_line' id='line_1_14' title="bbox 377 1371 1943 1442; baseline -0.005 -11"><span class='ocrx_word' id='word_1_90' title='bbox 377 1375 625 1431; x_wconf 88' lang='lat' dir='ltr'><strong>nonnulli</strong></span> <span class='ocrx_word' id='word_1_91' title='bbox 672 1374 834 1428; x_wconf 88' lang='lat' dir='ltr'><strong>etiam</strong></span> <span class='ocrx_word' id='word_1_92' title='bbox 866 1374 981 1427; x_wconf 92' lang='lat' dir='ltr'><strong>solo</strong></span> <span class='ocrx_word' id='word_1_93' title='bbox 1014 1371 1145 1427; x_wconf 84' lang='lat' dir='ltr'><strong>ﬂatu</strong></span> <span class='ocrx_word' id='word_1_94' title='bbox 1175 1373 1420 1427; x_wconf 90' lang='lat' dir='ltr'><strong>viventes</strong></span> <span class='ocrx_word' id='word_1_95' title='bbox 1448 1372 1560 1442; x_wconf 89' lang='lat' dir='ltr'><strong>jam</strong></span> <span class='ocrx_word' id='word_1_96' title='bbox 1611 1371 1729 1426; x_wconf 91' lang='lat' dir='ltr'><strong>sine</strong></span> <span class='ocrx_word' id='word_1_97' title='bbox 1779 1386 1943 1427; x_wconf 91' lang='lat' dir='ltr'><strong>sensu</strong></span> 
     </span>
    </p>
   </div>
   <div class='ocr_carea' id='block_1_15' title="bbox 377 1464 1944 1537">
    <p class='ocr_par' dir='ltr' id='par_1_15' title="bbox 377 1464 1944 1537">
     <span class='ocr_line' id='line_1_15' title="bbox 377 1464 1944 1537; baseline -0.005 -12"><span class='ocrx_word' id='word_1_98' title='bbox 377 1478 431 1525; x_wconf 86' lang='lat' dir='ltr'><strong>et</strong></span> <span class='ocrx_word' id='word_1_99' title='bbox 463 1470 581 1525; x_wconf 91' lang='lat' dir='ltr'><strong>sine</strong></span> <span class='ocrx_word' id='word_1_100' title='bbox 623 1483 757 1523; x_wconf 91' lang='lat' dir='ltr'><strong>voce</strong></span> <span class='ocrx_word' id='word_1_101' title='bbox 789 1468 1089 1537; x_wconf 89' lang='lat' dir='ltr'><strong>recuperati</strong></span> <span class='ocrx_word' id='word_1_102' title='bbox 1120 1474 1269 1530; x_wconf 90' lang='lat' dir='ltr'><strong>sunt,</strong></span> <span class='ocrx_word' id='word_1_103' title='bbox 1302 1481 1493 1521; x_wconf 89' lang='lat' dir='ltr'><strong>omnes</strong></span> <span class='ocrx_word' id='word_1_104' title='bbox 1520 1479 1737 1536; x_wconf 82' lang='lat' dir='ltr'><strong>qquue</strong></span> <span class='ocrx_word' id='word_1_105' title='bbox 1782 1464 1944 1518; x_wconf 81' lang='lat' dir='ltr'><strong>luna-</strong></span> 
     </span>
    </p>
   </div>
   <div class='ocr_carea' id='block_1_16' title="bbox 376 1559 1449 1631">
    <p class='ocr_par' dir='ltr' id='par_1_16' title="bbox 376 1559 1449 1631">
     <span class='ocr_line' id='line_1_16' title="bbox 376 1559 1449 1631; baseline -0.003 -17"><span class='ocrx_word' id='word_1_106' title='bbox 376 1563 467 1615; x_wconf 87' lang='lat' dir='ltr'><strong>tici</strong></span> <span class='ocrx_word' id='word_1_107' title='bbox 494 1568 547 1615; x_wconf 91' lang='lat' dir='ltr'><strong>et</strong></span> <span class='ocrx_word' id='word_1_108' title='bbox 568 1562 720 1631; x_wconf 85' lang='lat' dir='ltr'><strong>pleni</strong></span> <span class='ocrx_word' id='word_1_109' title='bbox 750 1559 1032 1615; x_wconf 68' lang='lat' dir='ltr'><strong>daemoniis</strong></span> <span class='ocrx_word' id='word_1_110' title='bbox 1059 1559 1273 1613; x_wconf 89' lang='lat' dir='ltr'><strong>liberati</strong></span> <span class='ocrx_word' id='word_1_111' title='bbox 1304 1566 1449 1613; x_wconf 92' lang='lat' dir='ltr'><strong>sunt.</strong></span> 
     </span>
    </p>
   </div>
   <div class='ocr_carea' id='block_1_17' title="bbox 447 1647 1945 1721">
    <p class='ocr_par' dir='ltr' id='par_1_17' title="bbox 447 1647 1945 1721">
     <span class='ocr_line' id='line_1_17' title="bbox 447 1647 1945 1721; baseline -0.003 -14"><span class='ocrx_word' id='word_1_112' title='bbox 447 1651 629 1707; x_wconf 77' lang='lat' dir='ltr'><strong>LXXI.</strong></span> <span class='ocrx_word' id='word_1_113' title='bbox 671 1650 901 1705; x_wconf 88' lang='lat' dir='ltr'><strong>Tantam</strong></span> <span class='ocrx_word' id='word_1_114' title='bbox 932 1651 1111 1721; x_wconf 88' lang='lat' dir='ltr'><strong>itaque</strong></span> <span class='ocrx_word' id='word_1_115' title='bbox 1142 1649 1376 1720; x_wconf 88' lang='lat' dir='ltr'><strong>Spiritus</strong></span> <span class='ocrx_word' id='word_1_116' title='bbox 1401 1656 1624 1703; x_wconf 88' lang='lat' dir='ltr'><strong>sanctus</strong></span> <span class='ocrx_word' id='word_1_117' title='bbox 1654 1648 1707 1701; x_wconf 91' lang='lat' dir='ltr'><strong>in</strong></span> <span class='ocrx_word' id='word_1_118' title='bbox 1739 1647 1830 1701; x_wconf 92' lang='lat' dir='ltr'><strong>illa</strong></span> <span class='ocrx_word' id='word_1_119' title='bbox 1859 1647 1945 1702; x_wconf 88' lang='lat' dir='ltr'><strong>die</strong></span> 
     </span>
    </p>
   </div>
   <div class='ocr_carea' id='block_1_18' title="bbox 316 1742 1944 1816">
    <p class='ocr_par' dir='ltr' id='par_1_18' title="bbox 316 1742 1944 1816">
     <span class='ocr_line' id='line_1_18' title="bbox 316 1742 1944 1816; baseline -0.001 -17"><span class='ocrx_word' id='word_1_120' title='bbox 316 1808 325 1814; x_wconf 93' lang='lat'><strong>_</strong></span> <span class='ocrx_word' id='word_1_121' title='bbox 378 1747 605 1816; x_wconf 78' lang='lat' dir='ltr'><strong>gratiam</strong></span> <span class='ocrx_word' id='word_1_122' title='bbox 654 1760 765 1800; x_wconf 68' lang='lat' dir='ltr'><strong>sua:</strong></span> <span class='ocrx_word' id='word_1_123' title='bbox 799 1745 1016 1799; x_wconf 87' lang='lat' dir='ltr'><strong>virtutis</strong></span> <span class='ocrx_word' id='word_1_124' title='bbox 1048 1744 1305 1809; x_wconf 86' lang='lat' dir='ltr'><strong>ostendit,</strong></span> <span class='ocrx_word' id='word_1_125' title='bbox 1342 1750 1403 1796; x_wconf 94' lang='lat' dir='ltr'><strong>ut</strong></span> <span class='ocrx_word' id='word_1_126' title='bbox 1432 1758 1623 1797; x_wconf 92' lang='lat' dir='ltr'><strong>omnes</strong></span> <span class='ocrx_word' id='word_1_127' title='bbox 1657 1758 1686 1795; x_wconf 91' lang='lat' dir='ltr'><strong>a</strong></span> <span class='ocrx_word' id='word_1_128' title='bbox 1719 1742 1944 1797; x_wconf 91' lang='lat' dir='ltr'><strong>minimo</strong></span> 
     </span>
    </p>
   </div>
   <div class='ocr_carea' id='block_1_19' title="bbox 378 1834 1947 1907">
    <p class='ocr_par' dir='ltr' id='par_1_19' title="bbox 378 1834 1947 1907">
     <span class='ocr_line' id='line_1_19' title="bbox 378 1834 1947 1907; baseline -0.002 -17"><span class='ocrx_word' id='word_1_129' title='bbox 378 1853 549 1907; x_wconf 82' lang='lat' dir='ltr'><strong>usque</strong></span> <span class='ocrx_word' id='word_1_130' title='bbox 579 1837 645 1891; x_wconf 89' lang='lat' dir='ltr'><strong>ad</strong></span> <span class='ocrx_word' id='word_1_131' title='bbox 691 1839 983 1891; x_wconf 80' lang='lat' dir='ltr'><strong>maximum</strong></span> <span class='ocrx_word' id='word_1_132' title='bbox 1026 1851 1135 1890; x_wconf 88' lang='lat' dir='ltr'><strong>una</strong></span> <span class='ocrx_word' id='word_1_133' title='bbox 1166 1851 1299 1891; x_wconf 78' lang='lat' dir='ltr'><strong>voce</strong></span> <span class='ocrx_word' id='word_1_134' title='bbox 1342 1836 1731 1889; x_wconf 87' lang='lat' dir='ltr'><strong>conliterentur</strong></span> <span class='ocrx_word' id='word_1_135' title='bbox 1763 1834 1947 1888; x_wconf 90' lang='lat' dir='ltr'><strong>Domi-</strong></span> 
     </span>
    </p>
   </div>
   <div class='ocr_carea' id='block_1_20' title="bbox 378 1926 1945 1996">
    <p class='ocr_par' dir='ltr' id='par_1_20' title="bbox 378 1926 1945 1996">
     <span class='ocr_line' id='line_1_20' title="bbox 378 1926 1945 1996; baseline -0.002 -13"><span class='ocrx_word' id='word_1_136' title='bbox 378 1945 537 1996; x_wconf 92' lang='lat' dir='ltr'><strong>num;</strong></span> <span class='ocrx_word' id='word_1_137' title='bbox 566 1936 621 1984; x_wconf 91' lang='lat' dir='ltr'><strong>et</strong></span> <span class='ocrx_word' id='word_1_138' title='bbox 648 1945 717 1985; x_wconf 90' lang='lat' dir='ltr'><strong>ne</strong></span> <span class='ocrx_word' id='word_1_139' title='bbox 740 1930 926 1983; x_wconf 91' lang='lat' dir='ltr'><strong>multis</strong></span> <span class='ocrx_word' id='word_1_140' title='bbox 959 1929 1234 1992; x_wconf 87' lang='lat' dir='ltr'><strong>immorer,</strong></span> <span class='ocrx_word' id='word_1_141' title='bbox 1264 1928 1405 1981; x_wconf 89' lang='lat' dir='ltr'><strong>intra</strong></span> <span class='ocrx_word' id='word_1_142' title='bbox 1434 1935 1641 1996; x_wconf 89' lang='lat' dir='ltr'><strong>septem</strong></span> <span class='ocrx_word' id='word_1_143' title='bbox 1675 1926 1792 1981; x_wconf 91' lang='lat' dir='ltr'><strong>dies</strong></span> <span class='ocrx_word' id='word_1_144' title='bbox 1822 1926 1945 1995; x_wconf 87' lang='lat' dir='ltr'><strong>plus</strong></span> 
     </span>
    </p>
   </div>
   <div class='ocr_carea' id='block_1_21' title="bbox 381 2018 1949 2093">
    <p class='ocr_par' dir='ltr' id='par_1_21' title="bbox 381 2018 1949 2093">
     <span class='ocr_line' id='line_1_21' title="bbox 381 2018 1949 2093; baseline -0.001 -18"><span class='ocrx_word' id='word_1_145' title='bbox 381 2038 544 2093; x_wconf 85' lang='lat' dir='ltr'><strong>quam</strong></span> <span class='ocrx_word' id='word_1_146' title='bbox 575 2022 760 2077; x_wconf 89' lang='lat' dir='ltr'><strong>decem</strong></span> <span class='ocrx_word' id='word_1_147' title='bbox 804 2023 971 2076; x_wconf 89' lang='lat' dir='ltr'><strong>millia</strong></span> <span class='ocrx_word' id='word_1_148' title='bbox 1012 2022 1293 2075; x_wconf 92' lang='lat' dir='ltr'><strong>hominum</strong></span> <span class='ocrx_word' id='word_1_149' title='bbox 1323 2020 1608 2075; x_wconf 88' lang='lat' dir='ltr'><strong>credentes</strong></span> <span class='ocrx_word' id='word_1_150' title='bbox 1637 2018 1747 2073; x_wconf 90' lang='lat' dir='ltr'><strong>Deo</strong></span> <span class='ocrx_word' id='word_1_151' title='bbox 1774 2020 1949 2089; x_wconf 38' lang='lat' dir='ltr'><strong>bapti‘</strong></span> 
     </span>
    </p>
   </div>
   <div class='ocr_carea' id='block_1_22' title="bbox 381 2112 1949 2177">
    <p class='ocr_par' dir='ltr' id='par_1_22' title="bbox 381 2112 1949 2177">
     <span class='ocr_line' id='line_1_22' title="bbox 381 2112 1949 2177; baseline -0.002 -9"><span class='ocrx_word' id='word_1_152' title='bbox 381 2116 486 2169; x_wconf 88' lang='lat' dir='ltr'><strong>zati</strong></span> <span class='ocrx_word' id='word_1_153' title='bbox 531 2122 658 2169; x_wconf 93' lang='lat' dir='ltr'><strong>sunt</strong></span> <span class='ocrx_word' id='word_1_154' title='bbox 685 2121 740 2168; x_wconf 91' lang='lat' dir='ltr'><strong>et</strong></span> <span class='ocrx_word' id='word_1_155' title='bbox 786 2115 1218 2169; x_wconf 87' lang='lat' dir='ltr'><strong>sanctiﬁcatione</strong></span> <span class='ocrx_word' id='word_1_156' title='bbox 1247 2112 1575 2177; x_wconf 84' lang='lat' dir='ltr'><strong>consecrati,</strong></span> <span class='ocrx_word' id='word_1_157' title='bbox 1608 2113 1682 2167; x_wconf 90' lang='lat' dir='ltr'><strong>ita</strong></span> <span class='ocrx_word' id='word_1_158' title='bbox 1711 2122 1770 2167; x_wconf 94' lang='lat' dir='ltr'><strong>ut</strong></span> <span class='ocrx_word' id='word_1_159' title='bbox 1799 2112 1949 2165; x_wconf 89' lang='lat' dir='ltr'><strong>omni</strong></span> 
     </span>
    </p>
   </div>
   <div class='ocr_carea' id='block_1_23' title="bbox 379 2204 1947 2277">
    <p class='ocr_par' dir='ltr' id='par_1_23' title="bbox 379 2204 1947 2277">
     <span class='ocr_line' id='line_1_23' title="bbox 379 2204 1947 2277; baseline -0.003 -14"><span class='ocrx_word' id='word_1_160' title='bbox 379 2208 944 2277; x_wconf 82' lang='lat' dir='ltr'><strong>aviditatisdesiderio</strong></span> <span class='ocrx_word' id='word_1_161' title='bbox 961 2206 1293 2275; x_wconf 88' lang='lat' dir='ltr'><strong>Theophilus</strong></span> <span class='ocrx_word' id='word_1_162' title='bbox 1318 2205 1452 2276; x_wconf 77' lang='lat'><strong>(65),</strong></span> <span class='ocrx_word' id='word_1_163' title='bbox 1478 2204 1570 2275; x_wconf 92' lang='lat' dir='ltr'><strong>qui</strong></span> <span class='ocrx_word' id='word_1_164' title='bbox 1593 2211 1711 2259; x_wconf 90' lang='lat' dir='ltr'><strong>erat</strong></span> <span class='ocrx_word' id='word_1_165' title='bbox 1732 2204 1947 2259; x_wconf 88' lang='lat' dir='ltr'><strong>cunctis</strong></span> 
     </span>
    </p>
   </div>
   <div class='ocr_carea' id='block_1_24' title="bbox 379 2299 1945 2371">
    <p class='ocr_par' dir='ltr' id='par_1_24' title="bbox 379 2299 1945 2371">
     <span class='ocr_line' id='line_1_24' title="bbox 379 2299 1945 2371; baseline 0.001 -18"><span class='ocrx_word' id='word_1_166' title='bbox 379 2302 697 2371; x_wconf 88' lang='lat' dir='ltr'><strong>potentibus</strong></span> <span class='ocrx_word' id='word_1_167' title='bbox 728 2301 784 2355; x_wconf 91' lang='lat' dir='ltr'><strong>in</strong></span> <span class='ocrx_word' id='word_1_168' title='bbox 813 2301 1033 2355; x_wconf 78' lang='lat' dir='ltr'><strong>civitate</strong></span> <span class='ocrx_word' id='word_1_169' title='bbox 1062 2300 1371 2360; x_wconf 89' lang='lat' dir='ltr'><strong>sublimior,</strong></span> <span class='ocrx_word' id='word_1_170' title='bbox 1404 2299 1599 2355; x_wconf 89' lang='lat' dir='ltr'><strong>domus</strong></span> <span class='ocrx_word' id='word_1_171' title='bbox 1630 2313 1741 2355; x_wconf 69' lang='lat' dir='ltr'><strong>suae</strong></span> <span class='ocrx_word' id='word_1_172' title='bbox 1766 2300 1945 2369; x_wconf 84' lang='lat' dir='ltr'><strong>ingen-</strong></span> 
     </span>
    </p>
   </div>
   <div class='ocr_carea' id='block_1_25' title="bbox 381 2392 1947 2462">
    <p class='ocr_par' dir='ltr' id='par_1_25' title="bbox 381 2392 1947 2462">
     <span class='ocr_line' id='line_1_25' title="bbox 381 2392 1947 2462; baseline 0 -17"><span class='ocrx_word' id='word_1_173' title='bbox 381 2402 488 2448; x_wconf 87' lang='lat' dir='ltr'><strong>tem</strong></span> <span class='ocrx_word' id='word_1_174' title='bbox 517 2394 801 2449; x_wconf 87' lang='lat' dir='ltr'><strong>basilicam</strong></span> <span class='ocrx_word' id='word_1_175' title='bbox 831 2394 1079 2448; x_wconf 78' lang='lat' dir='ltr'><strong>ecclesiae</strong></span> <span class='ocrx_word' id='word_1_176' title='bbox 1104 2392 1327 2447; x_wconf 91' lang='lat' dir='ltr'><strong>nomine</strong></span> <span class='ocrx_word' id='word_1_177' title='bbox 1355 2399 1728 2456; x_wconf 87' lang='lat' dir='ltr'><strong>consecraret,</strong></span> <span class='ocrx_word' id='word_1_178' title='bbox 1758 2392 1813 2445; x_wconf 91' lang='lat' dir='ltr'><strong>in</strong></span> <span class='ocrx_word' id='word_1_179' title='bbox 1838 2405 1947 2462; x_wconf 89' lang='lat' dir='ltr'><strong>qua</strong></span> 
     </span>
    </p>
   </div>
   <div class='ocr_carea' id='block_1_26' title="bbox 377 2484 1950 2555">
    <p class='ocr_par' dir='ltr' id='par_1_26' title="bbox 377 2484 1950 2555">
     <span class='ocr_line' id='line_1_26' title="bbox 377 2484 1950 2555; baseline -0.001 -17"><span class='ocrx_word' id='word_1_180' title='bbox 377 2484 539 2540; x_wconf 89' lang='lat' dir='ltr'><strong>Petro</strong></span> <span class='ocrx_word' id='word_1_181' title='bbox 570 2487 814 2555; x_wconf 88' lang='lat' dir='ltr'><strong>apostolo</strong></span> <span class='ocrx_word' id='word_1_182' title='bbox 850 2486 1145 2539; x_wconf 92' lang='lat' dir='ltr'><strong>constituta</strong></span> <span class='ocrx_word' id='word_1_183' title='bbox 1194 2490 1276 2538; x_wconf 92' lang='lat' dir='ltr'><strong>est</strong></span> <span class='ocrx_word' id='word_1_184' title='bbox 1317 2484 1386 2538; x_wconf 90' lang='lat' dir='ltr'><strong>ab</strong></span> <span class='ocrx_word' id='word_1_185' title='bbox 1416 2485 1586 2538; x_wconf 86' lang='lat' dir='ltr'><strong>omni.</strong></span> <span class='ocrx_word' id='word_1_186' title='bbox 1612 2484 1812 2555; x_wconf 82' lang='lat' dir='ltr'><strong>populo</strong></span> <span class='ocrx_word' id='word_1_187' title='bbox 1856 2498 1950 2537; x_wconf 86' lang='lat' dir='ltr'><strong>ca-</strong></span> 
     </span>
    </p>
   </div>
   <div class='ocr_carea' id='block_1_27' title="bbox 380 2574 1951 2649">
    <p class='ocr_par' dir='ltr' id='par_1_27' title="bbox 380 2574 1951 2649">
     <span class='ocr_line' id='line_1_27' title="bbox 380 2574 1951 2649; baseline -0.002 -18"><span class='ocrx_word' id='word_1_188' title='bbox 380 2577 570 2632; x_wconf 86' lang='lat' dir='ltr'><strong>lbedra</strong></span> <span class='ocrx_word' id='word_1_189' title='bbox 599 2577 733 2649; x_wconf 85' lang='lat'><strong>(66),</strong></span> <span class='ocrx_word' id='word_1_190' title='bbox 763 2584 817 2631; x_wconf 91' lang='lat' dir='ltr'><strong>et</strong></span> <span class='ocrx_word' id='word_1_191' title='bbox 847 2577 1023 2631; x_wconf 91' lang='lat' dir='ltr'><strong>omnis</strong></span> <span class='ocrx_word' id='word_1_192' title='bbox 1055 2575 1347 2630; x_wconf 89' lang='lat' dir='ltr'><strong>multitudo</strong></span> <span class='ocrx_word' id='word_1_193' title='bbox 1368 2576 1610 2645; x_wconf 87' lang='lat' dir='ltr'><strong>quotidie</strong></span> <span class='ocrx_word' id='word_1_194' title='bbox 1634 2576 1698 2630; x_wconf 91' lang='lat' dir='ltr'><strong>ad</strong></span> <span class='ocrx_word' id='word_1_195' title='bbox 1730 2574 1951 2629; x_wconf 87' lang='lat' dir='ltr'><strong>audien—</strong></span> 
     </span>
    </p>
   </div>
   <div class='ocr_carea' id='block_1_28' title="bbox 380 2666 1949 2731">
    <p class='ocr_par' dir='ltr' id='par_1_28' title="bbox 380 2666 1949 2731">
     <span class='ocr_line' id='line_1_28' title="bbox 380 2666 1949 2731; baseline -0.002 -8"><span class='ocrx_word' id='word_1_196' title='bbox 380 2670 509 2724; x_wconf 90' lang='lat' dir='ltr'><strong>dum</strong></span> <span class='ocrx_word' id='word_1_197' title='bbox 547 2669 774 2726; x_wconf 84' lang='lat' dir='ltr'><strong>verbum</strong></span> <span class='ocrx_word' id='word_1_198' title='bbox 819 2669 1172 2731; x_wconf 88' lang='lat' dir='ltr'><strong>conveniens,</strong></span> <span class='ocrx_word' id='word_1_199' title='bbox 1204 2667 1461 2723; x_wconf 87' lang='lat' dir='ltr'><strong>credebat</strong></span> <span class='ocrx_word' id='word_1_200' title='bbox 1504 2682 1649 2723; x_wconf 65' lang='lat' dir='ltr'><strong>sana:</strong></span> <span class='ocrx_word' id='word_1_201' title='bbox 1686 2666 1949 2721; x_wconf 67' lang='lat' dir='ltr'><strong>doctrina:</strong></span> 
     </span>
    </p>
   </div>
   <div class='ocr_carea' id='block_1_29' title="bbox 378 2759 1525 2833">
    <p class='ocr_par' dir='ltr' id='par_1_29' title="bbox 378 2759 1525 2833">
     <span class='ocr_line' id='line_1_29' title="bbox 378 2759 1525 2833; baseline 0.001 -17"><span class='ocrx_word' id='word_1_202' title='bbox 378 2778 543 2833; x_wconf 82' lang='lat' dir='ltr'><strong>quam</strong></span> <span class='ocrx_word' id='word_1_203' title='bbox 568 2763 860 2819; x_wconf 87' lang='lat' dir='ltr'><strong>sanitatum</strong></span> <span class='ocrx_word' id='word_1_204' title='bbox 886 2760 1176 2818; x_wconf 77' lang='lat' dir='ltr'><strong>eﬁicacitas</strong></span> <span class='ocrx_word' id='word_1_205' title='bbox 1202 2759 1525 2817; x_wconf 86' lang='lat' dir='ltr'><strong>allirmabat.</strong></span> 
     </span>
    </p>
   </div>
   <div class='ocr_carea' id='block_1_30' title="bbox 2046 552 3615 627">
    <p class='ocr_par' dir='ltr' id='par_1_30' title="bbox 2046 552 3615 627">
     <span class='ocr_line' id='line_1_30' title="bbox 2046 552 3615 627; baseline 0.003 -19"><span class='ocrx_word' id='word_1_206' title='bbox 2046 564 2220 609; x_wconf 90' lang='lat' dir='ltr'><strong>matre</strong></span> <span class='ocrx_word' id='word_1_207' title='bbox 2241 561 2447 624; x_wconf 88' lang='lat' dir='ltr'><strong>patrem</strong></span> <span class='ocrx_word' id='word_1_208' title='bbox 2479 552 2825 623; x_wconf 90' lang='lat' dir='ltr'><strong>alloquimur,</strong></span> <span class='ocrx_word' id='word_1_209' title='bbox 2850 561 3027 608; x_wconf 90' lang='lat' dir='ltr'><strong>utrum</strong></span> <span class='ocrx_word' id='word_1_210' title='bbox 3060 556 3251 627; x_wconf 71' lang='lat' dir='ltr'><strong>aliquae</strong></span> <span class='ocrx_word' id='word_1_211' title='bbox 3282 557 3615 613; x_wconf 88' lang='lat' dir='ltr'><strong>inﬁdelitatis</strong></span> 
     </span>
    </p>
   </div>
   <div class='ocr_carea' id='block_1_31' title="bbox 2046 644 3617 714">
    <p class='ocr_par' dir='ltr' id='par_1_31' title="bbox 2046 644 3617 714">
     <span class='ocr_line' id='line_1_31' title="bbox 2046 644 3617 714; baseline 0.003 -17"><span class='ocrx_word' id='word_1_212' title='bbox 2046 645 2101 697; x_wconf 91' lang='lat' dir='ltr'><strong>in</strong></span> <span class='ocrx_word' id='word_1_213' title='bbox 2131 660 2195 697; x_wconf 91' lang='lat' dir='ltr'><strong>eo</strong></span> <span class='ocrx_word' id='word_1_214' title='bbox 2225 644 2467 713; x_wconf 77' lang='lat' dir='ltr'><strong>reliquize</strong></span> <span class='ocrx_word' id='word_1_215' title='bbox 2509 644 2921 698; x_wconf 88' lang='lat' dir='ltr'><strong>remansissent.</strong></span> <span class='ocrx_word' id='word_1_216' title='bbox 2944 646 3012 697; x_wconf 84' lang='lat' dir='ltr'><strong>At</strong></span> <span class='ocrx_word' id='word_1_217' title='bbox 3042 646 3129 700; x_wconf 89' lang='lat' dir='ltr'><strong>ille</strong></span> <span class='ocrx_word' id='word_1_218' title='bbox 3153 665 3167 701; x_wconf 89' lang='lat'><strong>:</strong></span> <span class='ocrx_word' id='word_1_219' title='bbox 3194 646 3404 713; x_wconf 80' lang='lat' dir='ltr'><strong>Venite,</strong></span> <span class='ocrx_word' id='word_1_220' title='bbox 3444 650 3540 714; x_wconf 89' lang='lat' dir='ltr'><strong>ait,</strong></span> <span class='ocrx_word' id='word_1_221' title='bbox 3562 657 3617 703; x_wconf 91' lang='lat' dir='ltr'><strong>et</strong></span> 
     </span>
    </p>
   </div>
   <div class='ocr_carea' id='block_1_32' title="bbox 2048 729 3617 801">
    <p class='ocr_par' dir='ltr' id='par_1_32' title="bbox 2048 729 3617 801">
     <span class='ocr_line' id='line_1_32' title="bbox 2048 729 3617 801; baseline 0.003 -15"><span class='ocrx_word' id='word_1_222' title='bbox 2048 732 2299 787; x_wconf 89' lang='lat' dir='ltr'><strong>videbitis</strong></span> <span class='ocrx_word' id='word_1_223' title='bbox 2323 746 2504 786; x_wconf 91' lang='lat' dir='ltr'><strong>coram</strong></span> <span class='ocrx_word' id='word_1_224' title='bbox 2536 729 2718 794; x_wconf 88' lang='lat' dir='ltr'><strong>Petro,</strong></span> <span class='ocrx_word' id='word_1_225' title='bbox 2747 740 3008 801; x_wconf 88' lang='lat' dir='ltr'><strong>quantum</strong></span> <span class='ocrx_word' id='word_1_226' title='bbox 3036 734 3090 786; x_wconf 93' lang='lat' dir='ltr'><strong>in</strong></span> <span class='ocrx_word' id='word_1_227' title='bbox 3121 749 3207 789; x_wconf 91' lang='lat' dir='ltr'><strong>me</strong></span> <span class='ocrx_word' id='word_1_228' title='bbox 3233 734 3355 790; x_wconf 84' lang='lat' dir='ltr'><strong>ﬁdei</strong></span> <span class='ocrx_word' id='word_1_229' title='bbox 3385 737 3617 790; x_wconf 87' lang='lat' dir='ltr'><strong>creverit</strong></span> 
     </span>
    </p>
   </div>
   <div class='ocr_carea' id='block_1_33' title="bbox 2047 819 3616 894">
    <p class='ocr_par' dir='ltr' id='par_1_33' title="bbox 2047 819 3616 894">
     <span class='ocr_line' id='line_1_33' title="bbox 2047 819 3616 894; baseline -0.001 -16"><span class='ocrx_word' id='word_1_230' title='bbox 2047 824 2470 878; x_wconf 88' lang='lat' dir='ltr'><strong>incrementum.</strong></span> <span class='ocrx_word' id='word_1_231' title='bbox 2517 819 2672 874; x_wconf 92' lang='lat' dir='ltr'><strong>Tunc</strong></span> <span class='ocrx_word' id='word_1_232' title='bbox 2716 822 2981 877; x_wconf 86' lang='lat' dir='ltr'><strong>accedens</strong></span> <span class='ocrx_word' id='word_1_233' title='bbox 3030 821 3435 888; x_wconf 86' lang='lat' dir='ltr'><strong>Faustinianus,</strong></span> <span class='ocrx_word' id='word_1_234' title='bbox 3488 840 3616 894; x_wconf 89' lang='lat' dir='ltr'><strong>pro-</strong></span> 
     </span>
    </p>
   </div>
   <div class='ocr_carea' id='block_1_34' title="bbox 2047 914 3616 986">
    <p class='ocr_par' dir='ltr' id='par_1_34' title="bbox 2047 914 3616 986">
     <span class='ocr_line' id='line_1_34' title="bbox 2047 914 3616 986; baseline 0 -15"><span class='ocrx_word' id='word_1_235' title='bbox 2047 917 2178 972; x_wconf 88' lang='lat' dir='ltr'><strong>cidit</strong></span> <span class='ocrx_word' id='word_1_236' title='bbox 2208 917 2275 971; x_wconf 91' lang='lat' dir='ltr'><strong>ad</strong></span> <span class='ocrx_word' id='word_1_237' title='bbox 2311 916 2477 986; x_wconf 90' lang='lat' dir='ltr'><strong>pedes</strong></span> <span class='ocrx_word' id='word_1_238' title='bbox 2510 914 2656 969; x_wconf 90' lang='lat' dir='ltr'><strong>Petri</strong></span> <span class='ocrx_word' id='word_1_239' title='bbox 2687 915 2876 969; x_wconf 91' lang='lat' dir='ltr'><strong>dicens</strong></span> <span class='ocrx_word' id='word_1_240' title='bbox 2903 935 2913 968; x_wconf 91' lang='lat'><strong>:</strong></span> <span class='ocrx_word' id='word_1_241' title='bbox 2950 914 3167 970; x_wconf 91' lang='lat' dir='ltr'><strong>Semina</strong></span> <span class='ocrx_word' id='word_1_242' title='bbox 3194 917 3343 971; x_wconf 88' lang='lat' dir='ltr'><strong>verbi</strong></span> <span class='ocrx_word' id='word_1_243' title='bbox 3376 920 3454 972; x_wconf 90' lang='lat' dir='ltr'><strong>tui</strong></span> <span class='ocrx_word' id='word_1_244' title='bbox 3495 933 3616 986; x_wconf 81' lang='lat' dir='ltr'><strong>quae</strong></span> 
     </span>
    </p>
   </div>
   <div class='ocr_carea' id='block_1_35' title="bbox 2047 1004 3615 1078">
    <p class='ocr_par' dir='ltr' id='par_1_35' title="bbox 2047 1004 3615 1078">
     <span class='ocr_line' id='line_1_35' title="bbox 2047 1004 3615 1078; baseline -0.001 -16"><span class='ocrx_word' id='word_1_245' title='bbox 2047 1024 2177 1078; x_wconf 84' lang='lat' dir='ltr'><strong>ager</strong></span> <span class='ocrx_word' id='word_1_246' title='bbox 2205 1021 2339 1060; x_wconf 54' lang='lat' dir='ltr'><strong>mea;</strong></span> <span class='ocrx_word' id='word_1_247' title='bbox 2368 1006 2564 1060; x_wconf 90' lang='lat' dir='ltr'><strong>mentis</strong></span> <span class='ocrx_word' id='word_1_248' title='bbox 2594 1004 2821 1073; x_wconf 85' lang='lat' dir='ltr'><strong>accepit,</strong></span> <span class='ocrx_word' id='word_1_249' title='bbox 2851 1004 2963 1073; x_wconf 89' lang='lat' dir='ltr'><strong>jam</strong></span> <span class='ocrx_word' id='word_1_250' title='bbox 3008 1013 3133 1058; x_wconf 90' lang='lat' dir='ltr'><strong>nata</strong></span> <span class='ocrx_word' id='word_1_251' title='bbox 3171 1015 3319 1071; x_wconf 92' lang='lat' dir='ltr'><strong>sunt,</strong></span> <span class='ocrx_word' id='word_1_252' title='bbox 3350 1016 3510 1077; x_wconf 90' lang='lat' dir='ltr'><strong>atque</strong></span> <span class='ocrx_word' id='word_1_253' title='bbox 3542 1010 3615 1060; x_wconf 90' lang='lat' dir='ltr'><strong>ita</strong></span> 
     </span>
    </p>
   </div>
   <div class='ocr_carea' id='block_1_36' title="bbox 2048 1096 3616 1165">
    <p class='ocr_par' dir='ltr' id='par_1_36' title="bbox 2048 1096 3616 1165">
     <span class='ocr_line' id='line_1_36' title="bbox 2048 1096 3616 1165; baseline -0.001 -11"><span class='ocrx_word' id='word_1_254' title='bbox 2048 1100 2115 1154; x_wconf 90' lang='lat' dir='ltr'><strong>ad</strong></span> <span class='ocrx_word' id='word_1_255' title='bbox 2152 1098 2437 1155; x_wconf 79' lang='lat' dir='ltr'><strong>fecundam</strong></span> <span class='ocrx_word' id='word_1_256' title='bbox 2472 1096 2838 1150; x_wconf 89' lang='lat' dir='ltr'><strong>maturitatem</strong></span> <span class='ocrx_word' id='word_1_257' title='bbox 2886 1108 3141 1165; x_wconf 82' lang='lat' dir='ltr'><strong>provecta</strong></span> <span class='ocrx_word' id='word_1_258' title='bbox 3188 1107 3349 1163; x_wconf 90' lang='lat' dir='ltr'><strong>sunt,</strong></span> <span class='ocrx_word' id='word_1_259' title='bbox 3384 1108 3443 1153; x_wconf 91' lang='lat' dir='ltr'><strong>ut</strong></span> <span class='ocrx_word' id='word_1_260' title='bbox 3481 1101 3616 1153; x_wconf 91' lang='lat' dir='ltr'><strong>nihil</strong></span> 
     </span>
    </p>
   </div>
   <div class='ocr_carea' id='block_1_37' title="bbox 2046 1187 3617 1258">
    <p class='ocr_par' dir='ltr' id='par_1_37' title="bbox 2046 1187 3617 1258">
     <span class='ocr_line' id='line_1_37' title="bbox 2046 1187 3617 1258; baseline -0.002 -9"><span class='ocrx_word' id='word_1_261' title='bbox 2046 1194 2212 1255; x_wconf 88' lang='lat' dir='ltr'><strong>desit,</strong></span> <span class='ocrx_word' id='word_1_262' title='bbox 2246 1192 2353 1246; x_wconf 87' lang='lat' dir='ltr'><strong>nisi</strong></span> <span class='ocrx_word' id='word_1_263' title='bbox 2386 1197 2444 1243; x_wconf 93' lang='lat' dir='ltr'><strong>ut</strong></span> <span class='ocrx_word' id='word_1_264' title='bbox 2488 1204 2517 1241; x_wconf 89' lang='lat' dir='ltr'><strong>a</strong></span> <span class='ocrx_word' id='word_1_265' title='bbox 2563 1187 2735 1256; x_wconf 88' lang='lat' dir='ltr'><strong>paleis</strong></span> <span class='ocrx_word' id='word_1_266' title='bbox 2767 1203 2852 1242; x_wconf 89' lang='lat' dir='ltr'><strong>me</strong></span> <span class='ocrx_word' id='word_1_267' title='bbox 2888 1191 3121 1258; x_wconf 84' lang='lat' dir='ltr'><strong>spiritali</strong></span> <span class='ocrx_word' id='word_1_268' title='bbox 3150 1192 3239 1245; x_wconf 91' lang='lat' dir='ltr'><strong>illa</strong></span> <span class='ocrx_word' id='word_1_269' title='bbox 3272 1200 3363 1246; x_wconf 89' lang='lat' dir='ltr'><strong>tua</strong></span> <span class='ocrx_word' id='word_1_270' title='bbox 3393 1193 3617 1247; x_wconf 88' lang='lat' dir='ltr'><strong>deseces</strong></span> 
     </span>
    </p>
   </div>
   <div class='ocr_carea' id='block_1_38' title="bbox 2048 1278 3620 1351">
    <p class='ocr_par' dir='ltr' id='par_1_38' title="bbox 2048 1278 3620 1351">
     <span class='ocr_line' id='line_1_38' title="bbox 2048 1278 3620 1351; baseline 0.001 -14"><span class='ocrx_word' id='word_1_271' title='bbox 2048 1284 2185 1338; x_wconf 80' lang='lat' dir='ltr'><strong>falce</strong></span> <span class='ocrx_word' id='word_1_272' title='bbox 2206 1292 2260 1337; x_wconf 90' lang='lat' dir='ltr'><strong>et</strong></span> <span class='ocrx_word' id='word_1_273' title='bbox 2291 1293 2522 1351; x_wconf 85' lang='lat' dir='ltr'><strong>reponas</strong></span> <span class='ocrx_word' id='word_1_274' title='bbox 2546 1294 2632 1332; x_wconf 89' lang='lat' dir='ltr'><strong>me</strong></span> <span class='ocrx_word' id='word_1_275' title='bbox 2662 1279 2716 1332; x_wconf 92' lang='lat' dir='ltr'><strong>in</strong></span> <span class='ocrx_word' id='word_1_276' title='bbox 2751 1278 2948 1334; x_wconf 89' lang='lat' dir='ltr'><strong>horreo</strong></span> <span class='ocrx_word' id='word_1_277' title='bbox 2977 1281 3278 1348; x_wconf 87' lang='lat' dir='ltr'><strong>Dominieo,</strong></span> <span class='ocrx_word' id='word_1_278' title='bbox 3306 1284 3509 1338; x_wconf 83' lang='lat' dir='ltr'><strong>faciens</strong></span> <span class='ocrx_word' id='word_1_279' title='bbox 3534 1300 3620 1340; x_wconf 90' lang='lat' dir='ltr'><strong>me</strong></span> 
     </span>
    </p>
   </div>
   <div class='ocr_carea' id='block_1_39' title="bbox 2046 1374 3619 1444">
    <p class='ocr_par' dir='ltr' id='par_1_39' title="bbox 2046 1374 3619 1444">
     <span class='ocr_line' id='line_1_39' title="bbox 2046 1374 3619 1444; baseline -0.004 -9"><span class='ocrx_word' id='word_1_280' title='bbox 2046 1378 2249 1436; x_wconf 59' lang='lat' dir='ltr'><strong>mensae</strong></span> <span class='ocrx_word' id='word_1_281' title='bbox 2284 1379 2479 1433; x_wconf 62' lang='lat' dir='ltr'><strong>divinae</strong></span> <span class='ocrx_word' id='word_1_282' title='bbox 2508 1374 2847 1444; x_wconf 85' lang='lat' dir='ltr'><strong>participem.</strong></span> <span class='ocrx_word' id='word_1_283' title='bbox 2895 1374 3033 1428; x_wconf 90' lang='lat' dir='ltr'><strong>Tum</strong></span> <span class='ocrx_word' id='word_1_284' title='bbox 3076 1375 3270 1429; x_wconf 86' lang='lat' dir='ltr'><strong>Petrus</strong></span> <span class='ocrx_word' id='word_1_285' title='bbox 3303 1391 3427 1429; x_wconf 92' lang='lat' dir='ltr'><strong>cum</strong></span> <span class='ocrx_word' id='word_1_286' title='bbox 3469 1375 3619 1430; x_wconf 90' lang='lat' dir='ltr'><strong>omni</strong></span> 
     </span>
    </p>
   </div>
   <div class='ocr_carea' id='block_1_40' title="bbox 2048 1464 3619 1539">
    <p class='ocr_par' dir='ltr' id='par_1_40' title="bbox 2048 1464 3619 1539">
     <span class='ocr_line' id='line_1_40' title="bbox 2048 1464 3619 1539; baseline -0.004 -11"><span class='ocrx_word' id='word_1_287' title='bbox 2048 1474 2328 1528; x_wconf 89' lang='lat' dir='ltr'><strong>alacritate</strong></span> <span class='ocrx_word' id='word_1_288' title='bbox 2366 1464 2779 1539; x_wconf 90' lang='lat' dir='ltr'><strong>apprehendens</strong></span> <span class='ocrx_word' id='word_1_289' title='bbox 2815 1482 3034 1521; x_wconf 90' lang='lat' dir='ltr'><strong>manum</strong></span> <span class='ocrx_word' id='word_1_290' title='bbox 3064 1468 3205 1537; x_wconf 90' lang='lat' dir='ltr'><strong>ejus,</strong></span> <span class='ocrx_word' id='word_1_291' title='bbox 3234 1468 3461 1523; x_wconf 87' lang='lat' dir='ltr'><strong>tradidit</strong></span> <span class='ocrx_word' id='word_1_292' title='bbox 3496 1483 3619 1521; x_wconf 92' lang='lat' dir='ltr'><strong>eum</strong></span> 
     </span>
    </p>
   </div>
   <div class='ocr_carea' id='block_1_41' title="bbox 2047 1559 3620 1624">
    <p class='ocr_par' dir='ltr' id='par_1_41' title="bbox 2047 1559 3620 1624">
     <span class='ocr_line' id='line_1_41' title="bbox 2047 1559 3620 1624; baseline -0.005 -3"><span class='ocrx_word' id='word_1_293' title='bbox 2047 1567 2180 1621; x_wconf 89' lang='lat' dir='ltr'><strong>mihi</strong></span> <span class='ocrx_word' id='word_1_294' title='bbox 2206 1563 2471 1619; x_wconf 87' lang='lat' dir='ltr'><strong>Clementi</strong></span> <span class='ocrx_word' id='word_1_295' title='bbox 2498 1571 2552 1619; x_wconf 79' lang='lat' dir='ltr'><strong>et</strong></span> <span class='ocrx_word' id='word_1_296' title='bbox 2581 1564 2841 1623; x_wconf 87' lang='lat' dir='ltr'><strong>fratribus</strong></span> <span class='ocrx_word' id='word_1_297' title='bbox 2869 1560 3006 1614; x_wconf 89' lang='lat' dir='ltr'><strong>meis</strong></span> <span class='ocrx_word' id='word_1_298' title='bbox 3030 1599 3045 1624; x_wconf 90' lang='lat'><strong>,</strong></span> <span class='ocrx_word' id='word_1_299' title='bbox 3086 1560 3273 1615; x_wconf 87' lang='lat' dir='ltr'><strong>dicens</strong></span> <span class='ocrx_word' id='word_1_300' title='bbox 3302 1580 3314 1613; x_wconf 92' lang='lat'><strong>:</strong></span> <span class='ocrx_word' id='word_1_301' title='bbox 3343 1559 3495 1615; x_wconf 91' lang='lat' dir='ltr'><strong>Sicut</strong></span> <span class='ocrx_word' id='word_1_302' title='bbox 3522 1561 3620 1613; x_wconf 91' lang='lat' dir='ltr'><strong>tibi</strong></span> 
     </span>
    </p>
   </div>
   <div class='ocr_carea' id='block_1_42' title="bbox 2048 1651 3621 1729">
    <p class='ocr_par' dir='ltr' id='par_1_42' title="bbox 2048 1651 3621 1729">
     <span class='ocr_line' id='line_1_42' title="bbox 2048 1651 3621 1729; baseline -0.006 -16"><span class='ocrx_word' id='word_1_303' title='bbox 2048 1660 2189 1729; x_wconf 90' lang='lat' dir='ltr'><strong>patri</strong></span> <span class='ocrx_word' id='word_1_304' title='bbox 2220 1659 2359 1713; x_wconf 90' lang='lat' dir='ltr'><strong>ﬁlios</strong></span> <span class='ocrx_word' id='word_1_305' title='bbox 2401 1660 2642 1714; x_wconf 87' lang='lat' dir='ltr'><strong>restituit</strong></span> <span class='ocrx_word' id='word_1_306' title='bbox 2671 1659 2837 1721; x_wconf 90' lang='lat' dir='ltr'><strong>Deus,</strong></span> <span class='ocrx_word' id='word_1_307' title='bbox 2880 1655 2956 1707; x_wconf 88' lang='lat' dir='ltr'><strong>ita</strong></span> <span class='ocrx_word' id='word_1_308' title='bbox 2993 1660 3047 1707; x_wconf 90' lang='lat' dir='ltr'><strong>et</strong></span> <span class='ocrx_word' id='word_1_309' title='bbox 3091 1659 3300 1721; x_wconf 89' lang='lat' dir='ltr'><strong>patrem</strong></span> <span class='ocrx_word' id='word_1_310' title='bbox 3334 1651 3427 1704; x_wconf 86' lang='lat' dir='ltr'><strong>ﬁlii</strong></span> <span class='ocrx_word' id='word_1_311' title='bbox 3458 1651 3621 1705; x_wconf 81' lang='lat' dir='ltr'><strong>reSti-</strong></span> 
     </span>
    </p>
   </div>
   <div class='ocr_carea' id='block_1_43' title="bbox 2048 1742 3625 1814">
    <p class='ocr_par' dir='ltr' id='par_1_43' title="bbox 2048 1742 3625 1814">
     <span class='ocr_line' id='line_1_43' title="bbox 2048 1742 3625 1814; baseline -0.008 -9"><span class='ocrx_word' id='word_1_312' title='bbox 2048 1760 2209 1806; x_wconf 88' lang='lat' dir='ltr'><strong>tuunt</strong></span> <span class='ocrx_word' id='word_1_313' title='bbox 2248 1750 2378 1805; x_wconf 92' lang='lat' dir='ltr'><strong>Deo.</strong></span> <span class='ocrx_word' id='word_1_314' title='bbox 2422 1748 2624 1805; x_wconf 84' lang='lat' dir='ltr'><strong>Indixit</strong></span> <span class='ocrx_word' id='word_1_315' title='bbox 2654 1759 2835 1803; x_wconf 88' lang='lat' dir='ltr'><strong>autem</strong></span> <span class='ocrx_word' id='word_1_316' title='bbox 2875 1745 3145 1814; x_wconf 85' lang='lat' dir='ltr'><strong>jejunium</strong></span> <span class='ocrx_word' id='word_1_317' title='bbox 3187 1743 3335 1795; x_wconf 92' lang='lat' dir='ltr'><strong>omni</strong></span> <span class='ocrx_word' id='word_1_318' title='bbox 3372 1742 3537 1811; x_wconf 86' lang='lat' dir='ltr'><strong>plebi,</strong></span> <span class='ocrx_word' id='word_1_319' title='bbox 3570 1748 3625 1794; x_wconf 92' lang='lat' dir='ltr'><strong>et</strong></span> 
     </span>
    </p>
   </div>
   <div class='ocr_carea' id='block_1_44' title="bbox 2036 1833 3620 1917">
    <p class='ocr_par' dir='ltr' id='par_1_44' title="bbox 2036 1833 3620 1917">
     <span class='ocr_line' id='line_1_44' title="bbox 2036 1833 3620 1917; baseline -0.009 -18"><span class='ocrx_word' id='word_1_320' title='bbox 2036 1844 2298 1917; x_wconf 79' lang='lat' dir='ltr'><strong>veniente</strong></span> <span class='ocrx_word' id='word_1_321' title='bbox 2344 1843 2431 1897; x_wconf 90' lang='lat' dir='ltr'><strong>die</strong></span> <span class='ocrx_word' id='word_1_322' title='bbox 2475 1842 2754 1898; x_wconf 91' lang='lat' dir='ltr'><strong>Dominica</strong></span> <span class='ocrx_word' id='word_1_323' title='bbox 2801 1837 3098 1905; x_wconf 86' lang='lat' dir='ltr'><strong>baptizavit</strong></span> <span class='ocrx_word' id='word_1_324' title='bbox 3147 1849 3306 1897; x_wconf 91' lang='lat' dir='ltr'><strong>eum,</strong></span> <span class='ocrx_word' id='word_1_325' title='bbox 3354 1841 3517 1901; x_wconf 88' lang='lat' dir='ltr'><strong>atque</strong></span> <span class='ocrx_word' id='word_1_326' title='bbox 3567 1833 3620 1884; x_wconf 92' lang='lat' dir='ltr'><strong>in</strong></span> 
     </span>
    </p>
   </div>
   <div class='ocr_carea' id='block_1_45' title="bbox 2048 1925 3625 2005">
    <p class='ocr_par' dir='ltr' id='par_1_45' title="bbox 2048 1925 3625 2005">
     <span class='ocr_line' id='line_1_45' title="bbox 2048 1925 3625 2005; baseline -0.01 -16"><span class='ocrx_word' id='word_1_327' title='bbox 2048 1934 2228 1991; x_wconf 90' lang='lat' dir='ltr'><strong>medio</strong></span> <span class='ocrx_word' id='word_1_328' title='bbox 2269 1935 2469 2005; x_wconf 75' lang='lat' dir='ltr'><strong>populo</strong></span> <span class='ocrx_word' id='word_1_329' title='bbox 2508 1947 2574 1989; x_wconf 76' lang='lat' dir='ltr'><strong>ex</strong></span> <span class='ocrx_word' id='word_1_330' title='bbox 2622 1929 2982 1987; x_wconf 87' lang='lat' dir='ltr'><strong>conversione</strong></span> <span class='ocrx_word' id='word_1_331' title='bbox 3030 1926 3147 1995; x_wconf 89' lang='lat' dir='ltr'><strong>ejus</strong></span> <span class='ocrx_word' id='word_1_332' title='bbox 3196 1925 3479 1978; x_wconf 88' lang='lat' dir='ltr'><strong>materiam</strong></span> <span class='ocrx_word' id='word_1_333' title='bbox 3530 1937 3625 1976; x_wconf 88' lang='lat' dir='ltr'><strong>su-</strong></span> 
     </span>
    </p>
   </div>
   <div class='ocr_carea' id='block_1_46' title="bbox 2049 2015 3624 2093">
    <p class='ocr_par' dir='ltr' id='par_1_46' title="bbox 2049 2015 3624 2093">
     <span class='ocr_line' id='line_1_46' title="bbox 2049 2015 3624 2093; baseline -0.01 -10"><span class='ocrx_word' id='word_1_334' title='bbox 2049 2044 2226 2093; x_wconf 90' lang='lat' dir='ltr'><strong>mens,</strong></span> <span class='ocrx_word' id='word_1_335' title='bbox 2253 2042 2443 2082; x_wconf 90' lang='lat' dir='ltr'><strong>omnes</strong></span> <span class='ocrx_word' id='word_1_336' title='bbox 2469 2040 2630 2080; x_wconf 89' lang='lat' dir='ltr'><strong>casus</strong></span> <span class='ocrx_word' id='word_1_337' title='bbox 2676 2024 2794 2093; x_wconf 89' lang='lat' dir='ltr'><strong>ejus</strong></span> <span class='ocrx_word' id='word_1_338' title='bbox 2825 2019 3098 2091; x_wconf 81' lang='lat' dir='ltr'><strong>exposuit,</strong></span> <span class='ocrx_word' id='word_1_339' title='bbox 3132 2018 3206 2071; x_wconf 88' lang='lat' dir='ltr'><strong>ita</strong></span> <span class='ocrx_word' id='word_1_340' title='bbox 3240 2023 3300 2071; x_wconf 83' lang='lat' dir='ltr'><strong>ut</strong></span> <span class='ocrx_word' id='word_1_341' title='bbox 3332 2016 3511 2071; x_wconf 91' lang='lat' dir='ltr'><strong>omnis</strong></span> <span class='ocrx_word' id='word_1_342' title='bbox 3540 2015 3624 2068; x_wconf 81' lang='lat' dir='ltr'><strong>ci-</strong></span> 
     </span>
    </p>
   </div>
   <div class='ocr_carea' id='block_1_47' title="bbox 2049 2106 3625 2190">
    <p class='ocr_par' dir='ltr' id='par_1_47' title="bbox 2049 2106 3625 2190">
     <span class='ocr_line' id='line_1_47' title="bbox 2049 2106 3625 2190; baseline -0.011 -15"><span class='ocrx_word' id='word_1_343' title='bbox 2049 2121 2189 2175; x_wconf 83' lang='lat' dir='ltr'><strong>vitas</strong></span> <span class='ocrx_word' id='word_1_344' title='bbox 2218 2119 2377 2190; x_wconf 91' lang='lat' dir='ltr'><strong>quasi</strong></span> <span class='ocrx_word' id='word_1_345' title='bbox 2420 2118 2669 2189; x_wconf 82' lang='lat' dir='ltr'><strong>angelum</strong></span> <span class='ocrx_word' id='word_1_346' title='bbox 2700 2129 2823 2169; x_wconf 91' lang='lat' dir='ltr'><strong>eum</strong></span> <span class='ocrx_word' id='word_1_347' title='bbox 2854 2113 3178 2180; x_wconf 88' lang='lat' dir='ltr'><strong>susciperet,</strong></span> <span class='ocrx_word' id='word_1_348' title='bbox 3210 2117 3264 2163; x_wconf 89' lang='lat' dir='ltr'><strong>et</strong></span> <span class='ocrx_word' id='word_1_349' title='bbox 3294 2123 3403 2161; x_wconf 89' lang='lat' dir='ltr'><strong>non</strong></span> <span class='ocrx_word' id='word_1_350' title='bbox 3447 2106 3625 2159; x_wconf 82' lang='lat' dir='ltr'><strong>mino—</strong></span> 
     </span>
    </p>
   </div>
   <div class='ocr_carea' id='block_1_48' title="bbox 2048 2193 3626 2282">
    <p class='ocr_par' dir='ltr' id='par_1_48' title="bbox 2048 2193 3626 2282">
     <span class='ocr_line' id='line_1_48' title="bbox 2048 2193 3626 2282; baseline -0.011 -13"><span class='ocrx_word' id='word_1_351' title='bbox 2048 2228 2163 2269; x_wconf 88' lang='lat' dir='ltr'><strong>rem</strong></span> <span class='ocrx_word' id='word_1_352' title='bbox 2191 2213 2241 2267; x_wconf 90' lang='lat' dir='ltr'><strong>ei</strong></span> <span class='ocrx_word' id='word_1_353' title='bbox 2272 2212 2501 2282; x_wconf 80' lang='lat' dir='ltr'><strong>gratiam</strong></span> <span class='ocrx_word' id='word_1_354' title='bbox 2544 2224 2706 2281; x_wconf 84' lang='lat' dir='ltr'><strong>quam</strong></span> <span class='ocrx_word' id='word_1_355' title='bbox 2738 2208 2983 2280; x_wconf 88' lang='lat' dir='ltr'><strong>apostolo</strong></span> <span class='ocrx_word' id='word_1_356' title='bbox 3010 2193 3385 2267; x_wconf 68' lang='lat' dir='ltr'><strong>exhiberet.[&quot;8</strong></span> <span class='ocrx_word' id='word_1_357' title='bbox 3415 2197 3626 2265; x_wconf 82' lang='lat' dir='ltr'><strong>Quibus</strong></span> 
     </span>
    </p>
   </div>
   <div class='ocr_carea' id='block_1_49' title="bbox 2052 2291 3626 2377">
    <p class='ocr_par' dir='ltr' id='par_1_49' title="bbox 2052 2291 3626 2377">
     <span class='ocr_line' id='line_1_49' title="bbox 2052 2291 3626 2377; baseline -0.012 -16"><span class='ocrx_word' id='word_1_358' title='bbox 2052 2306 2307 2377; x_wconf 81' lang='lat' dir='ltr'><strong>cognitis,</strong></span> <span class='ocrx_word' id='word_1_359' title='bbox 2334 2302 2531 2358; x_wconf 90' lang='lat' dir='ltr'><strong>Petrus</strong></span> <span class='ocrx_word' id='word_1_360' title='bbox 2563 2310 2778 2373; x_wconf 88' lang='lat' dir='ltr'><strong>postera</strong></span> <span class='ocrx_word' id='word_1_361' title='bbox 2812 2299 2899 2354; x_wconf 89' lang='lat' dir='ltr'><strong>die</strong></span> <span class='ocrx_word' id='word_1_362' title='bbox 2941 2296 3232 2352; x_wconf 84' lang='lat' dir='ltr'><strong>convenire</strong></span> <span class='ocrx_word' id='word_1_363' title='bbox 3280 2292 3508 2363; x_wconf 84' lang='lat' dir='ltr'><strong>populos</strong></span> <span class='ocrx_word' id='word_1_364' title='bbox 3536 2291 3626 2359; x_wconf 87' lang='lat' dir='ltr'><strong>ju-</strong></span> 
     </span>
    </p>
   </div>
   <div class='ocr_carea' id='block_1_50' title="bbox 2053 2382 3626 2463">
    <p class='ocr_par' dir='ltr' id='par_1_50' title="bbox 2053 2382 3626 2463">
     <span class='ocr_line' id='line_1_50' title="bbox 2053 2382 3626 2463; baseline -0.013 -10"><span class='ocrx_word' id='word_1_365' title='bbox 2053 2399 2163 2463; x_wconf 89' lang='lat' dir='ltr'><strong>bet,</strong></span> <span class='ocrx_word' id='word_1_366' title='bbox 2193 2404 2246 2452; x_wconf 91' lang='lat' dir='ltr'><strong>et</strong></span> <span class='ocrx_word' id='word_1_367' title='bbox 2275 2412 2385 2451; x_wconf 93' lang='lat' dir='ltr'><strong>uno</strong></span> <span class='ocrx_word' id='word_1_368' title='bbox 2424 2411 2492 2450; x_wconf 80' lang='lat' dir='ltr'><strong>ex</strong></span> <span class='ocrx_word' id='word_1_369' title='bbox 2520 2394 2608 2449; x_wconf 90' lang='lat' dir='ltr'><strong>his</strong></span> <span class='ocrx_word' id='word_1_370' title='bbox 2650 2393 2745 2463; x_wconf 92' lang='lat' dir='ltr'><strong>qui</strong></span> <span class='ocrx_word' id='word_1_371' title='bbox 2785 2390 3152 2460; x_wconf 91' lang='lat' dir='ltr'><strong>sequebantur</strong></span> <span class='ocrx_word' id='word_1_372' title='bbox 3184 2400 3328 2451; x_wconf 91' lang='lat' dir='ltr'><strong>eum,</strong></span> <span class='ocrx_word' id='word_1_373' title='bbox 3374 2382 3626 2437; x_wconf 89' lang='lat' dir='ltr'><strong>ordinato</strong></span> 
     </span>
    </p>
   </div>
   <div class='ocr_carea' id='block_1_51' title="bbox 2055 2479 3629 2559">
    <p class='ocr_par' dir='ltr' id='par_1_51' title="bbox 2055 2479 3629 2559">
     <span class='ocr_line' id='line_1_51' title="bbox 2055 2479 3629 2559; baseline -0.011 -15"><span class='ocrx_word' id='word_1_374' title='bbox 2055 2488 2333 2559; x_wconf 87' lang='lat' dir='ltr'><strong>episcopo,</strong></span> <span class='ocrx_word' id='word_1_375' title='bbox 2359 2493 2413 2541; x_wconf 91' lang='lat' dir='ltr'><strong>et</strong></span> <span class='ocrx_word' id='word_1_376' title='bbox 2439 2486 2561 2540; x_wconf 89' lang='lat' dir='ltr'><strong>aliis</strong></span> <span class='ocrx_word' id='word_1_377' title='bbox 2586 2483 2941 2555; x_wconf 83' lang='lat' dir='ltr'><strong>presbyteris,</strong></span> <span class='ocrx_word' id='word_1_378' title='bbox 2966 2479 3258 2551; x_wconf 90' lang='lat' dir='ltr'><strong>plurimum</strong></span> <span class='ocrx_word' id='word_1_379' title='bbox 3286 2489 3505 2546; x_wconf 89' lang='lat' dir='ltr'><strong>quoque</strong></span> <span class='ocrx_word' id='word_1_380' title='bbox 3535 2488 3629 2542; x_wconf 90' lang='lat' dir='ltr'><strong>po-</strong></span> 
     </span>
    </p>
   </div>
   <div class='ocr_carea' id='block_1_52' title="bbox 2057 2565 3627 2650">
    <p class='ocr_par' dir='ltr' id='par_1_52' title="bbox 2057 2565 3627 2650">
     <span class='ocr_line' id='line_1_52' title="bbox 2057 2565 3627 2650; baseline -0.011 -16"><span class='ocrx_word' id='word_1_381' title='bbox 2057 2581 2245 2650; x_wconf 91' lang='lat' dir='ltr'><strong>pulum</strong></span> <span class='ocrx_word' id='word_1_382' title='bbox 2275 2579 2593 2648; x_wconf 83' lang='lat' dir='ltr'><strong>baptizavit,</strong></span> <span class='ocrx_word' id='word_1_383' title='bbox 2625 2590 2924 2645; x_wconf 88' lang='lat' dir='ltr'><strong>omnesque</strong></span> <span class='ocrx_word' id='word_1_384' title='bbox 2959 2572 3052 2643; x_wconf 89' lang='lat' dir='ltr'><strong>qui</strong></span> <span class='ocrx_word' id='word_1_385' title='bbox 3082 2578 3238 2627; x_wconf 89' lang='lat' dir='ltr'><strong>erant</strong></span> <span class='ocrx_word' id='word_1_386' title='bbox 3283 2566 3466 2623; x_wconf 76' lang='lat' dir='ltr'><strong>vexati</strong></span> <span class='ocrx_word' id='word_1_387' title='bbox 3506 2565 3627 2618; x_wconf 91' lang='lat' dir='ltr'><strong>lan-</strong></span> 
     </span>
    </p>
   </div>
   <div class='ocr_carea' id='block_1_53' title="bbox 2056 2661 2885 2742">
    <p class='ocr_par' dir='ltr' id='par_1_53' title="bbox 2056 2661 2885 2742">
     <span class='ocr_line' id='line_1_53' title="bbox 2056 2661 2885 2742; baseline -0.012 -14"><span class='ocrx_word' id='word_1_388' title='bbox 2056 2672 2315 2742; x_wconf 87' lang='lat' dir='ltr'><strong>guoribus</strong></span> <span class='ocrx_word' id='word_1_389' title='bbox 2347 2670 2569 2725; x_wconf 91' lang='lat' dir='ltr'><strong>sanitati</strong></span> <span class='ocrx_word' id='word_1_390' title='bbox 2597 2661 2885 2734; x_wconf 79' lang='lat' dir='ltr'><strong>restituit.]</strong></span> 
     </span>
    </p>
   </div>
   <div class='ocr_carea' id='block_1_54' title="bbox 457 3009 3623 3098">
    <p class='ocr_par' dir='ltr' id='par_1_54' title="bbox 457 3009 3623 3098">
     <span class='ocr_line' id='line_1_54' title="bbox 457 3009 3623 3098; baseline -0.004 -16"><span class='ocrx_word' id='word_1_391' title='bbox 457 3027 503 3061; x_wconf 75' lang='grc'><strong>⁷⁸</strong></span> <span class='ocrx_word' id='word_1_392' title='bbox 538 3027 733 3098; x_wconf 81' lang='lat' dir='ltr'><strong>Addita</strong></span> <span class='ocrx_word' id='word_1_393' title='bbox 762 3026 959 3098; x_wconf 77' lang='lat' dir='ltr'><strong>legitur</strong></span> <span class='ocrx_word' id='word_1_394' title='bbox 987 3028 1101 3082; x_wconf 63' lang='lat' dir='ltr'><strong>haec</strong></span> <span class='ocrx_word' id='word_1_395' title='bbox 1131 3026 1389 3098; x_wconf 89' lang='lat' dir='ltr'><strong>periodus</strong></span> <span class='ocrx_word' id='word_1_396' title='bbox 1438 3025 1494 3081; x_wconf 94' lang='lat' dir='ltr'><strong>in</strong></span> <span class='ocrx_word' id='word_1_397' title='bbox 1551 3023 1674 3081; x_wconf 92' lang='lat' dir='ltr'><strong>cod.</strong></span> <span class='ocrx_word' id='word_1_398' title='bbox 1733 3020 2120 3095; x_wconf 86' lang='lat' dir='ltr'><strong>antiquissimo</strong></span> <span class='ocrx_word' id='word_1_399' title='bbox 2170 3022 2374 3093; x_wconf 88' lang='lat' dir='ltr'><strong>Bodlej.</strong></span> <span class='ocrx_word' id='word_1_400' title='bbox 2401 3038 2553 3078; x_wconf 88' lang='lat' dir='ltr'><strong>num.</strong></span> <span class='ocrx_word' id='word_1_401' title='bbox 2590 3020 2710 3087; x_wconf 77' lang='grc'><strong>105,</strong></span> <span class='ocrx_word' id='word_1_402' title='bbox 2744 3034 2830 3089; x_wconf 90' lang='lat' dir='ltr'><strong>ap.</strong></span> <span class='ocrx_word' id='word_1_403' title='bbox 2857 3014 3116 3072; x_wconf 83' lang='lat' dir='ltr'><strong>Grabium</strong></span> <span class='ocrx_word' id='word_1_404' title='bbox 3152 3016 3204 3069; x_wconf 90' lang='lat' dir='ltr'><strong>in</strong></span> <span class='ocrx_word' id='word_1_405' title='bbox 3243 3013 3485 3084; x_wconf 81' lang='lat' dir='ltr'><strong>Spicileg.</strong></span> <span class='ocrx_word' id='word_1_406' title='bbox 3519 3009 3623 3069; x_wconf 91' lang='lat' dir='ltr'><strong>SS.</strong></span> 
     </span>
    </p>
   </div>
   <div class='ocr_carea' id='block_1_55' title="bbox 387 3096 930 3169">
    <p class='ocr_par' dir='ltr' id='par_1_55' title="bbox 387 3096 930 3169">
     <span class='ocr_line' id='line_1_55' title="bbox 387 3096 930 3169; baseline -0.007 -15"><span class='ocrx_word' id='word_1_407' title='bbox 387 3099 565 3167; x_wconf 66' lang='grc' dir='ltr'><em>Ραιτη</em></span> <span class='ocrx_word' id='word_1_408' title='bbox 586 3105 628 3154; x_wconf 84' lang='grc' dir='ltr'><strong>ι.</strong></span> <span class='ocrx_word' id='word_1_409' title='bbox 652 3096 693 3165; x_wconf 82' lang='grc' dir='ltr'><strong>Ι,</strong></span> <span class='ocrx_word' id='word_1_410' title='bbox 726 3113 779 3169; x_wconf 78' lang='grc' dir='ltr'><strong>ρ.</strong></span> <span class='ocrx_word' id='word_1_411' title='bbox 806 3096 930 3153; x_wconf 62' lang='lat'><strong>999.</strong></span> 
     </span>
    </p>
   </div>
   <div class='ocr_carea' id='block_1_56' title="bbox 1724 3335 2430 3395">
    <p class='ocr_par' dir='ltr' id='par_1_56' title="bbox 1724 3335 2430 3395">
     <span class='ocr_line' id='line_1_56' title="bbox 1724 3335 2430 3395; baseline -0.008 0"><span class='ocrx_word' id='word_1_412' title='bbox 1724 3338 2089 3395; x_wconf 82' lang='lat' dir='ltr'><strong>COTELERII</strong></span> <span class='ocrx_word' id='word_1_413' title='bbox 2112 3335 2344 3393; x_wconf 67' lang='lat' dir='ltr'><strong>NOTAE.</strong></span> <span class='ocrx_word' id='word_1_414' title='bbox 2418 3363 2430 3374; x_wconf 90' lang='lat'><strong><em>-</em></strong></span> 
     </span>
    </p>
   </div>
   <div class='ocr_carea' id='block_1_57' title="bbox 465 3542 2035 3632">
    <p class='ocr_par' dir='ltr' id='par_1_57' title="bbox 465 3542 2035 3632">
     <span class='ocr_line' id='line_1_57' title="bbox 465 3542 2035 3632; baseline -0.015 -15"><span class='ocrx_word' id='word_1_415' title='bbox 465 3560 577 3632; x_wconf 77' lang='lat'><strong>(65)</strong></span> <span class='ocrx_word' id='word_1_416' title='bbox 610 3556 942 3632; x_wconf 59' lang='lat' dir='ltr'><strong>Theophilus.</strong></span> <span class='ocrx_word' id='word_1_417' title='bbox 968 3554 1069 3620; x_wconf 84' lang='lat' dir='ltr'><strong>Qui</strong></span> <span class='ocrx_word' id='word_1_418' title='bbox 1084 3566 1287 3632; x_wconf 72' lang='lat' dir='ltr'><strong>magna</strong></span> <span class='ocrx_word' id='word_1_419' title='bbox 1317 3542 1964 3632; x_wconf 39' lang='lat' dir='ltr'><strong>temporum‘conlus‘ione</strong></span> <span class='ocrx_word' id='word_1_420' title='bbox 1991 3546 2035 3607; x_wconf 85' lang='lat' dir='ltr'><strong>C</strong></span> 
     </span>
    </p>
   </div>
   <div class='ocr_carea' id='block_1_58' title="bbox 395 3612 1961 3703">
    <p class='ocr_par' dir='ltr' id='par_1_58' title="bbox 395 3612 1961 3703">
     <span class='ocr_line' id='line_1_58' title="bbox 395 3612 1961 3703; baseline -0.017 -13"><span class='ocrx_word' id='word_1_421' title='bbox 395 3612 658 3703; x_wconf 59' lang='lat' dir='ltr'><strong>septimus</strong></span> <span class='ocrx_word' id='word_1_422' title='bbox 690 3612 1304 3703; x_wconf 37' lang='lat' dir='ltr'><strong>Antiochiaéiepiscdpus</strong></span> <span class='ocrx_word' id='word_1_423' title='bbox 1335 3612 1456 3703; x_wconf 66' lang='lat' dir='ltr'><strong>esse</strong></span> <span class='ocrx_word' id='word_1_424' title='bbox 1499 3624 1719 3703; x_wconf 68' lang='lat' dir='ltr'><strong>putatur</strong></span> <span class='ocrx_word' id='word_1_425' title='bbox 1748 3628 1791 3703; x_wconf 51' lang='lat' dir='ltr'><strong>a1</strong></span> <span class='ocrx_word' id='word_1_426' title='bbox 1808 3612 1961 3703; x_wconf 61' lang='lat' dir='ltr'><strong>Guil:</strong></span> 
     </span>
    </p>
   </div>
   <div class='ocr_carea' id='block_1_59' title="bbox 394 3682 1960 3771">
    <p class='ocr_par' dir='ltr' id='par_1_59' title="bbox 394 3682 1960 3771">
     <span class='ocr_line' id='line_1_59' title="bbox 394 3682 1960 3771; baseline -0.015 -14"><span class='ocrx_word' id='word_1_427' title='bbox 394 3682 747 3771; x_wconf 31' lang='lat' dir='ltr'><strong>luel‘inoil—‘j&#39;rio</strong></span> <span class='ocrx_word' id='word_1_428' title='bbox 776 3698 884 3771; x_wconf 89' lang='lat' dir='ltr'><strong>_lib.</strong></span> <span class='ocrx_word' id='word_1_429' title='bbox 920 3713 970 3750; x_wconf 81' lang='lat' dir='ltr'><strong>IV</strong></span> <span class='ocrx_word' id='word_1_430' title='bbox 996 3682 1253 3771; x_wconf 39' lang='lat' dir='ltr'><strong>Historia:</strong></span> <span class='ocrx_word' id='word_1_431' title='bbox 1282 3689 1402 3771; x_wconf 54' lang='lat' dir='ltr'><strong>belli</strong></span> <span class='ocrx_word' id='word_1_432' title='bbox 1437 3682 1579 3771; x_wconf 53' lang='lat' dir='ltr'><strong>sacri</strong></span> <span class='ocrx_word' id='word_1_433' title='bbox 1606 3700 1725 3771; x_wconf 85' lang='lat' dir='ltr'><strong>cap.</strong></span> <span class='ocrx_word' id='word_1_434' title='bbox 1760 3682 1960 3771; x_wconf 22' lang='lat' dir='ltr'><strong>9_,Letga</strong></span> 
     </span>
    </p>
   </div>
   <div class='ocr_carea' id='block_1_60' title="bbox 393 3754 1958 3836">
    <p class='ocr_par' dir='ltr' id='par_1_60' title="bbox 393 3754 1958 3836">
     <span class='ocr_line' id='line_1_60' title="bbox 393 3754 1958 3836; baseline -0.015 -7"><span class='ocrx_word' id='word_1_435' title='bbox 393 3754 516 3829; x_wconf 52' lang='lat' dir='ltr'><strong>iii}?</strong></span> <span class='ocrx_word' id='word_1_436' title='bbox 535 3754 893 3827; x_wconf 14' lang='lat' dir='ltr'><strong>ﬁdeJVitriaco</strong></span> <span class='ocrx_word' id='word_1_437' title='bbox 926 3782 1045 3836; x_wconf 89' lang='lat' dir='ltr'><strong>cap.</strong></span> <span class='ocrx_word' id='word_1_438' title='bbox 1072 3765 1139 3819; x_wconf 72' lang='grc'><strong>52</strong></span> <span class='ocrx_word' id='word_1_439' title='bbox 1174 3762 1424 3836; x_wconf 76' lang='lat' dir='ltr'><strong>Historiw</strong></span> <span class='ocrx_word' id='word_1_440' title='bbox 1443 3754 1958 3836; x_wconf 57' lang='lat' dir='ltr'><strong>Hierosolymitanm.</strong></span> 
     </span>
    </p>
   </div>
   <div class='ocr_carea' id='block_1_61' title="bbox 468 3823 1961 3915">
    <p class='ocr_par' dir='ltr' id='par_1_61' title="bbox 468 3823 1961 3915">
     <span class='ocr_line' id='line_1_61' title="bbox 468 3823 1961 3915; baseline -0.016 -17"><span class='ocrx_word' id='word_1_441' title='bbox 468 3823 767 3915; x_wconf 41' lang='lat' dir='ltr'><strong>&#39;Petro</strong></span> <span class='ocrx_word' id='word_1_442' title='bbox 793 3823 1058 3915; x_wconf 52' lang='lat' dir='ltr'><strong>Apono-lo</strong></span> <span class='ocrx_word' id='word_1_443' title='bbox 1078 3835 1365 3915; x_wconf 58' lang='lat' dir='ltr'><strong>constitute</strong></span> <span class='ocrx_word' id='word_1_444' title='bbox 1394 3839 1481 3915; x_wconf 61' lang='lat' dir='ltr'><strong>est</strong></span> <span class='ocrx_word' id='word_1_445' title='bbox 1515 3823 1754 3915; x_wconf 48' lang='lat' dir='ltr'><strong>althtitttt:</strong></span> <span class='ocrx_word' id='word_1_446' title='bbox 1773 3823 1961 3915; x_wconf 54' lang='lat' dir='ltr'><strong>populo</strong></span> 
     </span>
    </p>
   </div>
   <div class='ocr_carea' id='block_1_62' title="bbox 398 3896 1964 3969">
    <p class='ocr_par' dir='ltr' id='par_1_62' title="bbox 398 3896 1964 3969">
     <span class='ocr_line' id='line_1_62' title="bbox 398 3896 1964 3969; baseline -0.013 -1"><span class='ocrx_word' id='word_1_447' title='bbox 398 3896 670 3969; x_wconf 62' lang='lat' dir='ltr'><strong>cathedra.</strong></span> <span class='ocrx_word' id='word_1_448' title='bbox 709 3912 784 3965; x_wconf 86' lang='lat' dir='ltr'><strong>De</strong></span> <span class='ocrx_word' id='word_1_449' title='bbox 808 3896 909 3964; x_wconf 75' lang='lat' dir='ltr'><strong>hac</strong></span> <span class='ocrx_word' id='word_1_450' title='bbox 939 3907 1276 3961; x_wconf 87' lang='lat' dir='ltr'><strong>Antiochena</strong></span> <span class='ocrx_word' id='word_1_451' title='bbox 1315 3902 1460 3956; x_wconf 91' lang='lat' dir='ltr'><strong>Petri</strong></span> <span class='ocrx_word' id='word_1_452' title='bbox 1504 3896 1964 3969; x_wconf 75' lang='lat' dir='ltr'><strong>cathedra,__ejl_Is-</strong></span> 
     </span>
    </p>
   </div>
   <div class='ocr_carea' id='block_1_63' title="bbox 398 3962 1965 4056">
    <p class='ocr_par' dir='ltr' id='par_1_63' title="bbox 398 3962 1965 4056">
     <span class='ocr_line' id='line_1_63' title="bbox 398 3962 1965 4056; baseline -0.016 -15"><span class='ocrx_word' id='word_1_453' title='bbox 710 3962 1393 4056; x_wconf 16' lang='lat' dir='ltr'><strong>agufntMartyrologia‘ad</strong></span> <span class='ocrx_word' id='word_1_454' title='bbox 1437 3971 1506 4025; x_wconf 69' lang='grc'><strong>22</strong></span> <span class='ocrx_word' id='word_1_455' title='bbox 1530 3962 1965 4056; x_wconf 42' lang='lat' dir='ltr'><strong>Februarii,£e-</strong></span> 
     </span>
    </p>
   </div>
   <div class='ocr_carea' id='block_1_64' title="bbox 399 4037 1959 4128">
    <p class='ocr_par' dir='ltr' id='par_1_64' title="bbox 399 4037 1959 4128">
     <span class='ocr_line' id='line_1_64' title="bbox 399 4037 1959 4128; baseline 0.007 -2"><span class='ocrx_word' id='word_1_456' title='bbox 399 4037 923 4128; x_wconf 63' lang='grc' dir='ltr'><strong>ὁέιξάξιῗδαηςῖονυρι</strong></span> <span class='ocrx_word' id='word_1_457' title='bbox 966 4037 1087 4119; x_wconf 70' lang='lat' dir='ltr'><strong>capi</strong></span> <span class='ocrx_word' id='word_1_458' title='bbox 1137 4037 1239 4128; x_wconf 54' lang='lat' dir='ltr'><strong>4F;</strong></span> <span class='ocrx_word' id='word_1_459' title='bbox 1274 4044 1492 4128; x_wconf 66' lang='grc' dir='ltr'><strong>σεῖεῖιηια</strong></span> <span class='ocrx_word' id='word_1_460' title='bbox 1536 4037 1850 4128; x_wconf 43' lang='lat' dir='ltr'><strong>(ramalib-</strong></span> <span class='ocrx_word' id='word_1_461' title='bbox 1876 4050 1959 4115; x_wconf 66' lang='grc' dir='ltr'><strong>¹¹η¹ν</strong></span> 
     </span>
    </p>
   </div>
   <div class='ocr_carea' id='block_1_65' title="bbox 401 4108 1966 4261">
    <p class='ocr_par' dir='ltr' id='par_1_65' title="bbox 401 4108 1966 4261">
     <span class='ocr_line' id='line_1_65' title="bbox 401 4108 1965 4196; baseline -0.014 -15"><span class='ocrx_word' id='word_1_462' title='bbox 401 4108 675 4196; x_wconf 50' lang='grc' dir='ltr'><strong>ἓέιρζεὼ</strong></span> <span class='ocrx_word' id='word_1_463' title='bbox 731 4124 820 4177; x_wconf 87' lang='lat' dir='ltr'><strong>lvo</strong></span> <span class='ocrx_word' id='word_1_464' title='bbox 865 4108 1258 4180; x_wconf 43' lang='lat' dir='ltr'><strong>Carno‘tensis&#39;,</strong></span> <span class='ocrx_word' id='word_1_465' title='bbox 1302 4116 1519 4182; x_wconf 86' lang='lat' dir='ltr'><strong>aliique.</strong></span> <span class='ocrx_word' id='word_1_466' title='bbox 1572 4108 1631 4163; x_wconf 83' lang='lat' dir='ltr'><strong>In</strong></span> <span class='ocrx_word' id='word_1_467' title='bbox 1681 4108 1965 4190; x_wconf 65' lang='lat' dir='ltr'><strong>itinerario</strong></span> 
     </span>
     <span class='ocr_line' id='line_1_66' title="bbox 405 4180 1966 4261; baseline -0.014 -9"><span class='ocrx_word' id='word_1_468' title='bbox 405 4194 760 4253; x_wconf 87' lang='lat' dir='ltr'><strong>Willebrandi</strong></span> <span class='ocrx_word' id='word_1_469' title='bbox 788 4195 856 4249; x_wconf 87' lang='lat' dir='ltr'><strong>ab</strong></span> <span class='ocrx_word' id='word_1_470' title='bbox 884 4190 1224 4261; x_wconf 84' lang='lat' dir='ltr'><strong>Oldenborg;</strong></span> <span class='ocrx_word' id='word_1_471' title='bbox 1273 4185 1336 4239; x_wconf 85' lang='lat' dir='ltr'><strong>In</strong></span> <span class='ocrx_word' id='word_1_472' title='bbox 1371 4184 1468 4238; x_wconf 83' lang='lat' dir='ltr'><strong>hac</strong></span> <span class='ocrx_word' id='word_1_473' title='bbox 1505 4180 1744 4237; x_wconf 80' lang='lat' dir='ltr'><strong>Ecclesta</strong></span> <span class='ocrx_word' id='word_1_474' title='bbox 1777 4180 1966 4232; x_wconf 82' lang='lat' dir='ltr'><strong>Antio-</strong></span> 
     </span>
    </p>
   </div>
   <div class='ocr_carea' id='block_1_66' title="bbox 2066 3526 3633 3595">
    <p class='ocr_par' dir='ltr' id='par_1_66' title="bbox 2066 3526 3633 3595">
     <span class='ocr_line' id='line_1_67' title="bbox 2066 3526 3633 3595; baseline -0.008 -3"><span class='ocrx_word' id='word_1_475' title='bbox 2066 3538 2203 3593; x_wconf 85' lang='lat' dir='ltr'><strong>chiae</strong></span> <span class='ocrx_word' id='word_1_476' title='bbox 2237 3540 2563 3590; x_wconf 87' lang='lat' dir='ltr'><strong>monstratur</strong></span> <span class='ocrx_word' id='word_1_477' title='bbox 2607 3530 2859 3585; x_wconf 84' lang='lat' dir='ltr'><strong>cathedra</strong></span> <span class='ocrx_word' id='word_1_478' title='bbox 2888 3529 2952 3583; x_wconf 90' lang='grc' dir='ltr'><strong>Β.</strong></span> <span class='ocrx_word' id='word_1_479' title='bbox 2986 3527 3154 3582; x_wconf 80' lang='lat' dir='ltr'><strong>Petri.</strong></span> <span class='ocrx_word' id='word_1_480' title='bbox 3190 3526 3375 3581; x_wconf 82' lang='lat' dir='ltr'><strong>Inveni</strong></span> <span class='ocrx_word' id='word_1_481' title='bbox 3415 3540 3633 3595; x_wconf 79' lang='lat' dir='ltr'><strong>quoque</strong></span> 
     </span>
    </p>
   </div>
   <div class='ocr_carea' id='block_1_67' title="bbox 2068 3591 3633 3663">
    <p class='ocr_par' dir='ltr' id='par_1_67' title="bbox 2068 3591 3633 3663">
     <span class='ocr_line' id='line_1_68' title="bbox 2068 3591 3633 3663; baseline -0.01 0"><span class='ocrx_word' id='word_1_482' title='bbox 2068 3591 2216 3663; x_wconf 84' lang='lat' dir='ltr'><strong>hunc</strong></span> <span class='ocrx_word' id='word_1_483' title='bbox 2261 3605 2476 3660; x_wconf 90' lang='lat' dir='ltr'><strong>titulum</strong></span> <span class='ocrx_word' id='word_1_484' title='bbox 2524 3602 2578 3656; x_wconf 92' lang='lat' dir='ltr'><strong>in</strong></span> <span class='ocrx_word' id='word_1_485' title='bbox 2623 3603 2874 3663; x_wconf 77' lang='lat' dir='ltr'><strong>catalogo</strong></span> <span class='ocrx_word' id='word_1_486' title='bbox 2919 3615 3054 3654; x_wconf 91' lang='lat' dir='ltr'><strong>mss.</strong></span> <span class='ocrx_word' id='word_1_487' title='bbox 3096 3598 3342 3653; x_wconf 69' lang='lat' dir='ltr'><strong>ecclesia&quot;:</strong></span> <span class='ocrx_word' id='word_1_488' title='bbox 3385 3591 3447 3650; x_wconf 56' lang='lat' dir='ltr'><strong>SI</strong></span> <span class='ocrx_word' id='word_1_489' title='bbox 3485 3591 3633 3650; x_wconf 76' lang='lat' dir='ltr'><strong>Petri</strong></span> 
     </span>
    </p>
   </div>
   <div class='ocr_carea' id='block_1_68' title="bbox 2069 3664 3633 3736">
    <p class='ocr_par' dir='ltr' id='par_1_68' title="bbox 2069 3664 3633 3736">
     <span class='ocr_line' id='line_1_69' title="bbox 2069 3664 3633 3736; baseline -0.01 -3"><span class='ocrx_word' id='word_1_490' title='bbox 2069 3675 2472 3733; x_wconf 81' lang='lat' dir='ltr'><strong>Bellovacensis</strong></span> <span class='ocrx_word' id='word_1_491' title='bbox 2505 3691 2517 3727; x_wconf 92' lang='lat'><strong>:</strong></span> <span class='ocrx_word' id='word_1_492' title='bbox 2554 3671 2735 3727; x_wconf 83' lang='lat' dir='ltr'><strong>Sermo</strong></span> <span class='ocrx_word' id='word_1_493' title='bbox 2782 3664 2839 3725; x_wconf 62' lang='grc' dir='ltr'>δῖ</span> <span class='ocrx_word' id='word_1_494' title='bbox 2884 3669 3163 3724; x_wconf 82' lang='lat' dir='ltr'><strong>Clementis</strong></span> <span class='ocrx_word' id='word_1_495' title='bbox 3202 3683 3351 3736; x_wconf 75' lang='lat' dir='ltr'><strong>papae</strong></span> <span class='ocrx_word' id='word_1_496' title='bbox 3389 3668 3443 3719; x_wconf 80' lang='lat' dir='ltr'><strong>in</strong></span> <span class='ocrx_word' id='word_1_497' title='bbox 3484 3664 3633 3719; x_wconf 81' lang='lat' dir='ltr'><strong>Petri</strong></span> 
     </span>
    </p>
   </div>
   <div class='ocr_carea' id='block_1_69' title="bbox 2071 3736 3632 3819">
    <p class='ocr_par' dir='ltr' id='par_1_69' title="bbox 2071 3736 3632 3819">
     <span class='ocr_line' id='line_1_70' title="bbox 2071 3736 3632 3819; baseline -0.01 -15"><span class='ocrx_word' id='word_1_498' title='bbox 2071 3747 2431 3819; x_wconf 71' lang='lat' dir='ltr'><strong>apostolorum</strong></span> <span class='ocrx_word' id='word_1_499' title='bbox 2466 3742 3010 3819; x_wconf 40' lang='lat' dir='ltr'><strong>principishsessione,</strong></span> <span class='ocrx_word' id='word_1_500' title='bbox 3050 3756 3153 3810; x_wconf 86' lang='lat' dir='ltr'><strong>qua</strong></span> <span class='ocrx_word' id='word_1_501' title='bbox 3195 3736 3498 3819; x_wconf 62' lang='lat' dir='ltr'><strong>cathedram</strong></span> <span class='ocrx_word' id='word_1_502' title='bbox 3534 3737 3632 3819; x_wconf 42' lang='grc' dir='ltr'><strong>’ἰη-</strong></span> 
     </span>
    </p>
   </div>
   <div class='ocr_carea' id='block_1_70' title="bbox 2070 3806 3631 3878">
    <p class='ocr_par' dir='ltr' id='par_1_70' title="bbox 2070 3806 3631 3878">
     <span class='ocr_line' id='line_1_71' title="bbox 2070 3806 3631 3878; baseline -0.009 -5"><span class='ocrx_word' id='word_1_503' title='bbox 2070 3806 2331 3874; x_wconf 72' lang='grc' dir='ltr'><strong>εἱαηναυξε</strong></span> <span class='ocrx_word' id='word_1_504' title='bbox 2365 3806 2675 3869; x_wconf 63' lang='lat' dir='ltr'><strong>Antiochiae.</strong></span> <span class='ocrx_word' id='word_1_505' title='bbox 2724 3813 2859 3865; x_wconf 88' lang='lat' dir='ltr'><strong>Eum</strong></span> <span class='ocrx_word' id='word_1_506' title='bbox 2906 3806 3084 3866; x_wconf 84' lang='lat' dir='ltr'><strong>autem</strong></span> <span class='ocrx_word' id='word_1_507' title='bbox 3119 3810 3422 3878; x_wconf 87' lang='lat' dir='ltr'><strong>catalogum</strong></span> <span class='ocrx_word' id='word_1_508' title='bbox 3462 3806 3631 3878; x_wconf 76' lang='lat' dir='ltr'><strong>debeo</strong></span> 
     </span>
    </p>
   </div>
   <div class='ocr_carea' id='block_1_71' title="bbox 2070 3875 3632 3943">
    <p class='ocr_par' dir='ltr' id='par_1_71' title="bbox 2070 3875 3632 3943">
     <span class='ocr_line' id='line_1_72' title="bbox 2070 3875 3632 3943; baseline -0.01 0"><span class='ocrx_word' id='word_1_509' title='bbox 2070 3891 2190 3943; x_wconf 91' lang='lat' dir='ltr'><strong>viro</strong></span> <span class='ocrx_word' id='word_1_510' title='bbox 2235 3888 2503 3942; x_wconf 89' lang='lat' dir='ltr'><strong>natalibus</strong></span> <span class='ocrx_word' id='word_1_511' title='bbox 2547 3900 2612 3938; x_wconf 93' lang='lat' dir='ltr'><strong>ac</strong></span> <span class='ocrx_word' id='word_1_512' title='bbox 2651 3883 2945 3938; x_wconf 85' lang='lat' dir='ltr'><strong>virtutibus</strong></span> <span class='ocrx_word' id='word_1_513' title='bbox 2978 3880 3176 3935; x_wconf 87' lang='lat' dir='ltr'><strong>illustri</strong></span> <span class='ocrx_word' id='word_1_514' title='bbox 3207 3875 3440 3933; x_wconf 76' lang='lat' dir='ltr'><strong>Antonio</strong></span> <span class='ocrx_word' id='word_1_515' title='bbox 3470 3875 3632 3930; x_wconf 82' lang='lat' dir='ltr'><strong>Vioni</strong></span> 
     </span>
    </p>
   </div>
   <div class='ocr_carea' id='block_1_72' title="bbox 2072 3949 3633 4025">
    <p class='ocr_par' dir='ltr' id='par_1_72' title="bbox 2072 3949 3633 4025">
     <span class='ocr_line' id='line_1_73' title="bbox 2072 3949 3633 4025; baseline -0.009 -12"><span class='ocrx_word' id='word_1_516' title='bbox 2072 3959 2401 4020; x_wconf 85' lang='lat' dir='ltr'><strong>Herovallio,</strong></span> <span class='ocrx_word' id='word_1_517' title='bbox 2432 3956 2590 4025; x_wconf 86' lang='lat' dir='ltr'><strong>cujus</strong></span> <span class='ocrx_word' id='word_1_518' title='bbox 2628 3954 3097 4025; x_wconf 80' lang='lat' dir='ltr'><strong>indefessum__pro</strong></span> <span class='ocrx_word' id='word_1_519' title='bbox 3127 3966 3185 4025; x_wconf 85' lang='lat' dir='ltr'><strong>re</strong></span> <span class='ocrx_word' id='word_1_520' title='bbox 3213 3949 3476 4025; x_wconf 77' lang='lat' dir='ltr'><strong>litteraria</strong></span> <span class='ocrx_word' id='word_1_521' title='bbox 3505 3962 3633 4017; x_wconf 88' lang='lat' dir='ltr'><strong>pro-</strong></span> 
     </span>
    </p>
   </div>
   <div class='ocr_carea' id='block_1_73' title="bbox 2069 4019 3635 4097">
    <p class='ocr_par' dir='ltr' id='par_1_73' title="bbox 2069 4019 3635 4097">
     <span class='ocr_line' id='line_1_74' title="bbox 2069 4019 3635 4097; baseline -0.011 -11"><span class='ocrx_word' id='word_1_522' title='bbox 2069 4030 2335 4086; x_wconf 90' lang='lat' dir='ltr'><strong>movenda</strong></span> <span class='ocrx_word' id='word_1_523' title='bbox 2362 4019 2416 4081; x_wconf 90' lang='lat' dir='ltr'><strong>et</strong></span> <span class='ocrx_word' id='word_1_524' title='bbox 2454 4019 2553 4097; x_wconf 72' lang='lat' dir='ltr'><strong>pro</strong></span> <span class='ocrx_word' id='word_1_525' title='bbox 2580 4022 2925 4079; x_wconf 85' lang='lat' dir='ltr'><strong>demerendis</strong></span> <span class='ocrx_word' id='word_1_526' title='bbox 2955 4019 3213 4097; x_wconf 77' lang='lat' dir='ltr'><strong>litteratis</strong></span> <span class='ocrx_word' id='word_1_527' title='bbox 3240 4019 3480 4097; x_wconf 71' lang='lat' dir='ltr'><strong>studium</strong></span> <span class='ocrx_word' id='word_1_528' title='bbox 3516 4033 3635 4097; x_wconf 69' lang='lat' dir='ltr'><strong>om»</strong></span> 
     </span>
    </p>
   </div>
   <div class='ocr_carea' id='block_1_74' title="bbox 2066 4090 3633 4167">
    <p class='ocr_par' dir='ltr' id='par_1_74' title="bbox 2066 4090 3633 4167">
     <span class='ocr_line' id='line_1_75' title="bbox 2066 4090 3633 4167; baseline -0.01 -10"><span class='ocrx_word' id='word_1_529' title='bbox 2066 4118 2165 4157; x_wconf 91' lang='lat' dir='ltr'><strong>nes</strong></span> <span class='ocrx_word' id='word_1_530' title='bbox 2192 4099 2352 4165; x_wconf 88' lang='lat' dir='ltr'><strong>hodie</strong></span> <span class='ocrx_word' id='word_1_531' title='bbox 2377 4090 2695 4167; x_wconf 67' lang='lat' dir='ltr'><strong>praedicant,</strong></span> <span class='ocrx_word' id='word_1_532' title='bbox 2730 4108 2939 4167; x_wconf 74' lang='lat' dir='ltr'><strong>omnes</strong></span> <span class='ocrx_word' id='word_1_533' title='bbox 2966 4092 3272 4167; x_wconf 78' lang='lat' dir='ltr'><strong>mirantur,</strong></span> <span class='ocrx_word' id='word_1_534' title='bbox 3313 4090 3464 4144; x_wconf 88' lang='lat' dir='ltr'><strong>nulla</strong></span> <span class='ocrx_word' id='word_1_535' title='bbox 3501 4094 3633 4142; x_wconf 68' lang='lat' dir='ltr'><strong>mtas</strong></span> 
     </span>
    </p>
   </div>
   <div class='ocr_carea' id='block_1_75' title="bbox 2067 4161 3089 4235">
    <p class='ocr_par' dir='ltr' id='par_1_75' title="bbox 2067 4161 3089 4235">
     <span class='ocr_line' id='line_1_76' title="bbox 2067 4161 3089 4235; baseline -0.012 -7"><span class='ocrx_word' id='word_1_536' title='bbox 2067 4187 2179 4228; x_wconf 87' lang='lat' dir='ltr'><strong>non</strong></span> <span class='ocrx_word' id='word_1_537' title='bbox 2202 4161 2498 4228; x_wconf 73' lang='lat' dir='ltr'><strong>celebrabit</strong></span> <span class='ocrx_word' id='word_1_538' title='bbox 2526 4172 2686 4235; x_wconf 86' lang='lat' dir='ltr'><strong>atque</strong></span> <span class='ocrx_word' id='word_1_539' title='bbox 2713 4161 3089 4219; x_wconf 89' lang='lat' dir='ltr'><strong>demirabitur.</strong></span> 
     </span>
    </p>
   </div>
  </div>
