4022 6274
398 310 547 371 ’1435

1301 314 1357 368 S.
1395 312 1789 369 CLEMENTIS
1821 312 1841 366 l
1873 310 2038 368 ROM.
2074 311 2274 368 PONT.
2311 311 2534 368 OPEBA
2570 312 2794 371 ΒΗΜΛ.

3523 311 3656 385 uss

978 622 1698 739 APPENDIX
1807 623 3021 741 MONUMENTORUM

1971 867 2054 908 AD

1077 1024 2060 1175 RECOGNITIONES
2132 1012 2978 1120 CLEMENTINAS

1600 1222 1869 1284 (Cauno,
1913 1222 2022 1273 γει.
2049 1221 2213 1283 Ραιτ.,
2233 1219 2298 1284 II,
2314 1217 2448 1281 322.)

1668 1528 1711 1583 ι.
1751 1525 1828 1580 Ad
1860 1527 1952 1581 lib.
1987 1538 2033 1595 ι,
2063 1540 2182 1597 cap.
2248 1529 2339 1584 at.

405 1660 465 1717 S.
485 1655 1317 1736 __LlementisJepiscopiuﬂomm.
1349 1659 1456 1736 Aqui
1505 1668 1656 1736 post_
1686 1660 1971 1736 apostolum

2089 1659 2217 1736 Τοῦ.
2249 1659 2422 1736 ἁγίου
2474 1658 2836 1736 Κλήμεντος
2847 1659 3178 1736 emarcde
3234 1662 3476 1736 Ῥώμης,
3501 1669 3658 1736 μετὰ

474 1731 692 1786 Petrum
723 1733 834 1787 sedi
877 1731 1181 1800 apostolica:
1223 1731 1460 1800 pra’fuit,
1499 1730 1564 1784 de
1617 1730 1824 1799 Spiritu
1853 1747 1976 1785 san-

471 1812 572 1856 cto.

474 1911 674 1975 Beatus
703 1911 798 1992 qui
827 1913 1016 1969 oculos
1040 1912 1260 1969 clausos
1285 1914 1517 1984 aperuit,
1543 1924 1647 1969 etc.
1725 1913 1858 1986 (67).

2158 1730 2267 1783 τὸν
2361 1732 2441 1784 ἀει-
2449 1733 2709 1785 6070.109-

2154 1800 2372 1868 θρόνου
2401 1801 2806 1872 ἡγησαμένου,
2835 1805 2921 1868 εὶς
2947 1803 3012 1855 τὸ
3044 1803 3213 1873 ἅγιον
3235 1807 3493 1876 Πνεῦμα.

2138 1914 2422 1986 Μακάριος
2436 1917 2464 1968 ὁ
2479 1915 2890 1986 κεκλεισμένους
2901 1917 3206 1990 ὀφθαλμοὺς
3221 1920 3454 1987 ἀνοίξας,
3469 1938 3521 1976 κ.
3535 1941 3586 1977 τ.
3598 1922 3653 1978 λ.

1339 2090 1415 2154 Π.
1447 2090 1532 2152 Ad
1560 2090 1653 2152 ίὶίν.
1687 2107 1724 2159 1,
1751 2113 1866 2166 cup.
1901 2089 1967 2152 54
1995 2093 2087 2171 (ex
2113 2090 2287 2152 cedite
2313 2089 2469 2169 Regio
2502 2091 2682 2164 1818).

401 2233 678 2304 Expositio
727 2232 1186 2306 accuratissima,
1222 2250 1330 2306 quo
1377 2235 1532 2306 modo
1583 2245 1816 2303 oporteat
1851 2253 1970 2290 eum

473 2303 718 2372 recipere,
753 2305 842 2374 qui
870 2320 935 2358 ea:
979 2303 1331 2359 Hebrwis'ad
1365 2304 1786 2359 Christianormn
1811 2306 1970 2373 [idem

469 2377 692 2432 accedit.

467 2486 512 2542 Ι.
554 2487 777 2558 Oportet
807 2495 865 2542 ut
897 2487 1074 2558 primo
1102 2487 1340 2558 publicet
1371 2503 1433 2542 ac
1464 2487 1771 2558 proscribat
1795 2488 1972 2558 quod-

401 2596 618 2646 cunque
648 2579 888 2633 Hebraeis
936 2595 1033 2649 pro
1060 2579 1322 2649 legitimo,
1366 2595 1464 2650 pro
1501 2579 1894 2634 consuetudine
1917 2587 1972 2635 et

401 2675 651 2729 instituto
676 2682 760 2728 est
801 2688 813 2722 :
847 2672 1042 2726 deinde
1070 2671 1320 2728 ostendat
1351 2672 1486 2727 velle
1521 2687 1579 2726 se
1608 2686 1673 2724 ex
1703 2679 1818 2725 toto
1848 2686 1974 2727 cor-

403 2769 490 2830 de.
524 2782 586 2821 ac
609 2768 822 2822 sincera
845 2766 947 2823 ﬁde
960 2765 1438 2822 Christianismum
1457 2765 1708 2834 amplecti
1735 2783 1745 2815 :
1778 2773 1832 2820 et
1857 2765 1973 2835 quis

396 2859 522 2918 dem
555 2863 734 2932 palam
782 2861 837 2914 in
877 2858 1120 2915 Ecclesia
1167 2859 1444 2912 renuntiet
1471 2858 1618 2912 omni
1661 2858 1830 2912 cultui
1870 2856 1968 2910 Ju-

2077 2241 2356 2306 Ἕκθεσις
2382 2232 2939 2309 ἀκριϐεστάΐηὺπερζ
2967 2237 3072 2309 τοῦ
3104 2235 3228 2303 πῶς
3256 2236 3353 2309 δεῖ
3371 2238 3657 2309 δέχεσθαι

2143 2311 2250 2363 τὸν
2416 2303 2691 2378 Ἐϐραίων
2738 2305 2814 2382 τῇ
2867 2303 2986 2367 τῶν
3026 2307 3400 2382 Χριστιανῶν
3439 2303 3657 2366 ’Ξτίστει

2145 2383 2646 2451 προσερχόμενον.

2157 2497 2526 2569 Ἐξαγορεύειν
2559 2498 2717 2553 αὐτὸν
2749 2499 2854 2570 χρὴ
2879 2501 3144 2572 πρότερον
3177 2501 3273 2554 καὶ
3299 2497 3656 2574 θριαμϐεΰεεν

2074 2594 2180 2646 πᾶν
2227 2591 2451 2662 νόμιμον
2497 2591 2816 2663 Ἐϐραῖκὸν,
2853 2594 2945 2646 καὶ
2977 2593 3128 2658 ἔθος,
3165 2594 3260 2647 καὶ
3293 2596 3649 2668 ἐπιτήδευμαο

2074 2683 2367 2736 κάντεῦθεν
2415 2681 2708 2748 δεικνύειν,
2760 2683 2836 2748 ὼς
2882 2683 2941 2748 eg
2988 2683 3117 2755 ὅλης
3164 2685 3389 2755 καρδίας
3431 2689 3524 2741 καὶ
3558 2690 3652 2742 πί·-

2075 2790 2246 2837 στεως
2279 2772 2623 2844 εἰλικρινοῦς,
2659 2774 3038 2846 Χριστιανίσαι
3083 2773 3338 2845 ἠθέλησε’
3387 2779 3480 2831 καὶ
3513 2779 3654 2832 ἀπο-

2077 2863 2368 2918 τάσσεσθαι
2435 2864 2530 2934 μὲν
2595 2865 2841 2937 φανερῶς
2898 2863 2985 2917 ἐπ’
3033 2866 3328 2938 ἐκκλησίας
3391 2869 3540 2942 πάσῃ
3582 2873 3650 2940 τῇ

397 2955 589 3020 daico,
644 2963 695 3008 et
737 2953 950 3007 cunctis
1006 2950 1270 3021 legalibus
1315 2971 1325 3004 ε
1375 2950 1797 3005 anathematizet
1838 2964 1969 3004 vero

2080 2958 2344 3028 Ἰουδαϊκῇ
2393 2956 2675 3028 θρησκείᾳ,
2728 2957 2821 3009 καὶ
2864 2959 2976 3020 τοῖς
3020 2958 3270 3030 νομίμοις
3303 2963 3485 3013 πᾶσιν*
3523 2961 3656 3014 ἅνα-

401 3055 590 3116 postea
637 3060 757 3116 qua:
803 3045 1106 3114 excogitata
1158 3042 1376 3098 fuerunt
1404 3053 1591 3096 contra
1639 3045 1968 3097 voluntatem

402 3134 497 3190 Dei
551 3138 800 3193 instituta
855 3147 1017 3205 atque
1070 3151 1250 3190 mores
1301 3153 1314 3190 :
1366 3135 1556 3203 sicque
1603 3142 1855 3206 aggreget
1911 3149 1971 3189 se

401 3226 658 3294 Christo,
704 3239 758 3284 et
804 3228 927 3283 ﬁdei
966 3229 1119 3298 juxta
1161 3228 1313 3281 illum
1363 3229 1640 3290 :scilicet,
1691 3228 1971 3282 sacerdote

399 3324 554 3393 prius
587 3324 746 3379 verba
772 3323 1033 3388 faciente;
1069 3324 1185 3391 ipso
1213 3330 1389 3375 autem
1413 3338 1509 3392 per
1537 3338 1792 3378 versuum
1823 3323 1971 3377 ordi-

400 3431 524 3470 nem
558 3415 936 3485 respondeme,
960 3423 1052 3467 aut
1088 3413 1281 3483 ipsius,
1307 3416 1349 3467 si
1381 3415 1452 3468 sit
1480 3417 1760 3484 parvulus,
1785 3431 1970 3472 susce-

400 3514 575 3576 ptore.

864 3623 993 3680 Hcce
1017 3642 1172 3695 porro
1208 3627 1283 3680 ita
1311 3625 1498 3682 habent
1526 3642 1545 3681 :

471 3741 586 3812 Ego
618 3740 729 3805 ille,
764 3740 856 3810 qui
900 3741 1060 3796 hodie
1094 3756 1159 3795 ex
1199 3741 1438 3797 Hebraeis
1483 3740 1682 3797 accedo
1715 3741 1782 3798 ad
1814 3742 1973 3799 ﬁdem

401 3834 870 3899 Christianorum;
903 3849 1011 3888 non
1042 3849 1140 3903 per
1163 3835 1271 3888 vim
1318 3834 1556 3904 aliquam
1578 3875 1592 3900 ,
1621 3837 1702 3891 vel
1735 3836 1975 3891 necessi-

400 3935 588 3990 tatem,
624 3925 896 3991 timorem,
929 3926 1268 3981 vexationem
1311 3934 1405 3980 aut
1447 3936 1838 3998 paupertatem,
1873 3943 1975 3984 nec

401 4016 474 4070 ob
524 4014 768 4069 debitum
815 4015 898 4070 vel
948 4015 1155 4069 crimen
1199 4015 1330 4071 mihi
1385 4022 1744 4089 intentatum,
1795 4033 1976 4088 neque

401 4115 622 4178 propter
669 4107 1005 4162 mundanum
1052 4108 1346 4172 honorem,
1389 4109 1651 4164 beneﬁcia
1699 4111 1970 4180 quedam,

400 4201 664 4272 pecunias
695 4209 790 4254 aut
827 4215 917 4255 res
967 4201 1098 4254 mihi
1131 4216 1162 4254 a
1201 4216 1476 4271 quoquam
1512 4204 1833 4271 promissas,
1862 4220 1973 4259 non

401 4294 624 4348 omnino
651 4292 1030 4362 cujuscunque
1077 4293 1329 4349 utilitatis
1358 4309 1525 4348 causa
1553 4294 1845 4350 humanive
1876 4313 1973 4366 pa-

401 4387 646 4452 trocinii,
677 4386 762 4441 vel
794 4386 864 4440 ob
892 4385 1066 4440 rixam
1111 4393 1166 4442 et
1213 4387 1617 4442 contentionem
1659 4403 1780 4442 eum
1829 4405 1969 4459 quo-

403 4480 546 4550 piam
597 4495 665 4535 ex
710 4479 1022 4535 hominibus
1072 4478 1316 4549 ejusdem
1363 4495 1576 4535 mecum
1623 4479 1746 4535 ﬁdei
1785 4496 1972 4536 susce-

403 4579 585 4641 ptam,
628 4571 743 4627 sive
777 4572 934 4641 quasi
965 4572 1091 4627 inde
1135 4573 1323 4627 volens
1371 4587 1586 4628 sumere
1616 4573 1875 4627 ultionem
1903 4571 1971 4627 de

402 4662 756 4729 Christianis,
788 4674 1050 4736 tanquam
1096 4665 1354 4719 nimirum
1385 4666 1521 4736 legis
1547 4667 1848 4729 aemulator,
1882 4664 1970 4720 vel

401 4763 456 4810 et
487 4757 553 4809 ah
588 4757 722 4826 ipsis
770 4757 971 4826 injuria
1003 4757 1268 4823 allectus;
1300 4758 1394 4813 sed
1422 4765 1481 4812 ut
1525 4773 1592 4813 ex
1639 4766 1756 4812 toto
1785 4757 1969 4812 animo

401 4858 458 4903 et
486 4849 651 4903 corde
674 4848 952 4903 Christum
981 4849 1261 4919 ipsiusque
1287 4848 1445 4904 ﬁdem
1475 4849 1736 4920 diligens;
1766 4865 1969 4906 renun-

403 4942 482 4996 tio
518 4943 775 4997 universo
800 4941 1064 4997 llebraico
1095 4942 1287 5005 cultui,
1320 4949 1373 4996 et
1395 4942 1820 5009 circumcisioni,
1853 4958 1970 4997 om-

404 5035 676 5105 nibusque
705 5036 991 5104 legalibus,
1021 5051 1233 5090 necnon
1263 5034 1501 5105 Azymis.
1526 5035 1768 5099 Paschae,
1800 5037 1972 5091 sacri-

405 5127 527 5182 ﬁcio
568 5127 738 5198 Agni,
778 5127 914 5182 festo
961 5127 1431 5182 Hebdomadarum
1453 5168 1466 5189 ,
1498 5126 1746 5192 Jubilaeo,
1777 5128 1966 5194 Tubis,

402 5218 806 5290 Propitiatioui,
837 5219 1190 5292 Scennpegiis
1225 5237 1288 5276 ac
1325 5221 1550 5290 reliquis
1580 5223 1833 5277 omnibus
1865 5222 1970 5278 lle-

402 5312 675 5367 braaorum
709 5311 1126 5381 festivitatibus;
1165 5315 1292 5369 item
1336 5314 1654 5378 sacriﬁciis,
1693 5315 1965 5385 precibus,

404 5405 836 5474 aspersionibus,
860 5407 1352 5475 puriﬁcationibus,
1383 5407 1808 5476 expiationibus,
1835 5407 1973 5477 jeju-

405 5496 533 5561 niis,
581 5496 836 5552 Sabbatis
881 5495 1319 5568 Neomeniisque,
1365 5505 1418 5552 et
1453 5500 1592 5555 cibis
1642 5514 1706 5553 ac
1753 5499 1973 5568 potibus

2071 3050 2380 3122 θεματίζειν
2423 3049 2478 3102 δὲ
2512 3049 2732 3122 ὕστερον
2764 3050 2831 3103 τὰ
2878 3051 3266 3122 ἐπινενοημένα
3316 3051 3463 3124 παρά
3514 3051 3658 3121 γνὼ·

2075 3160 2181 3214 μην
2230 3142 2363 3195 Θεοῦ
2411 3142 2816 3212 ἐπιτηδεύματα
2840 3184 2855 3208 ,
2906 3145 3000 3198 καὶ
3030 3145 3145 3214 ἔθη·
3183 3145 3277 3196 καὶ
3323 3144 3494 3208 οὕτως
3530 3162 3660 3199 συν-

2068 3234 2364 3288 τάσσεσθαι
2413 3234 2492 3305 τῷ
2541 3235 2793 3307 Χριστῷ,
2830 3237 2921 3288 καὶ
2965 3238 3030 3306 τῇ
3068 3236 3247 3288 πίστει
3293 3237 3358 3307 τῇ
3394 3235 3515 3288 κατ’
3547 3237 3653 3287 αὺ-

2069 3328 2182 3381 τόν
2216 3325 2312 3378 τοῦ
2360 3327 2550 3399 ἱερέως
2595 3326 2792 3397 δηλαδὴ
2826 3327 3090 3399 προτέρου
3124 3327 3393 3396 λέγοντος,
3427 3327 3521 3380 καὶ
3553 3330 3655 3381 αὐ-

2068 3419 2162 3472 τοῦ
2212 3419 2636 3491 ἀποκρινομένου
2697 3418 2838 3472 κατὰ
2897 3419 3108 3491 στίχον,
3155 3419 3189 3491 ἢ
3235 3419 3329 3471 τοῦ
3387 3419 3654 3490 ἀναδόχου

2071 3512 2257 3576 αὑτοῦ,
2293 3511 2450 3582 εἴπερ
2483 3513 2716 3583 ὑπάρχει
2747 3511 2976 3566 παιδίον.

2499 3626 2661 3695 Ἔχει
2699 3624 2768 3678 δὲ
2805 3624 2990 3678 ταῦτα
3017 3625 3224 3689 οὕτως,

2155 3734 2212 3790 Ὁ
2243 3736 2388 3790 δεῖνα
2419 3739 2446 3790 ὁ
2479 3737 2539 3800 ἐξ
2581 3736 2846 3808 Ἐϐραίων
2880 3736 3120 3808 σήμερον
3153 3733 3393 3808 προσιὼν
3439 3736 3505 3805 τῇ
3556 3731 3656 3787 πί-

2074 3844 2188 3881 στει
2219 3827 2327 3881 τῶν
2359 3828 2718 3900 Χριστιανῶν,
2754 3829 2814 3880 οὐ
2846 3827 2937 3881 διά
2965 3829 3104 3898 ιτινα
3139 3827 3278 3898 βίαν,
3312 3827 3345 3898 ἢ
3379 3827 3653 3897 ἀνάγκην,

2071 3920 2104 3992 ἢ
2140 3921 2334 3990 φόϐον,
2370 3921 2402 3993 ἢ
2438 3923 2719 3994 ἐπήρειαν,
2755 3922 2788 3993 ἢ
2823 3921 3046 3987 πενίαν,
3083 3921 3117 3995 ἢ
3150 3921 3235 3976 διὰ
3268 3923 3454 3993 χρέος,
3491 3921 3525 3992 ἦ
3558 3921 3656 3990 εγ.

2071 4020 2256 4089 κλημα
2287 4019 2406 4071 κατ’
2427 4017 2575 4088 ,ἐμοῦ
2609 4013 2946 4087 κινούμενον,
2976 4014 3009 4088 ἢ
3043 4015 3129 4069 διὰ
3160 4016 3323 4088 τιμὴν
3355 4018 3650 4090 κοσμικὴν,

2072 4111 2106 4181 ἦ
2140 4109 2464 4182 εὐεργεσίας
2493 4107 2669 4170 τινὰς,
2706 4108 2738 4178 ἢ
2781 4108 3061 4179 χρήματα,
3095 4107 3128 4178 ἢ
3164 4109 3463 4179 πράγματα
3495 4111 3652 4181 παρά

2071 4222 2214 4268 τινος
2261 4200 2695 4273 ὑπισχνούμενα,
2749 4201 2780 4269 ἢ
2827 4202 2963 4264 ὅλως
3006 4200 3092 4253 διὰ
3143 4200 3456 4272 οἱανδήποτε
3507 4201 3652 4269 ὡφέο

2074 4298 2243 4362 λειαν,
2278 4296 2310 4367 ἢ
2346 4296 2678 4366 προστασίαν
2710 4294 3072 4366 ἀνθρωπίνην,
3173 4293 3241 4346 δι’
3286 4292 3401 4363 ἔριν
3431 4292 3465 4363 ἢ
3501 4293 3651 4362 φιλο.

2073 4391 2279 4443 νεικίαν
2313 4387 2448 4460 πρός
2480 4404 2600 4440 τινα
2632 4387 2926 4458 γενομένην
2958 4387 3065 4440 τῶν
3109 4385 3417 4457 ὁμοπίστων
3452 4402 3575 4457 μου,
3611 4385 3648 4457 ἢ

2076 4483 2151 4546 ὼς
2186 4481 2502 4552 βουλόμενος
2547 4478 2793 4533 ἐντεῦθεν
2825 4477 3131 4549 ἀμύνασθαι
3161 4478 3538 4548 Χριστιανοὺς,
3569 4476 3650 4540 ὡς

2079 4572 2324 4646 ζηλωτὴς
2357 4573 2516 4644 δῆθεν
2547 4572 2640 4626 τοῦ
2673 4573 2860 4644 νόμον,
2895 4571 2928 4642 ἢ
2963 4572 3056 4625 καὶ⁸
3088 4573 3218 4642 παρ’
3251 4569 3427 4622 αὐτῶν
3459 4570 3651 4641 ἀδικη-

2076 4666 2209 4730 θείς·
2246 4665 2359 4719 ἀλλ’
2392 4665 2466 4728 ὡς
2513 4664 2572 4729 ἐξ
2614 4665 2743 4735 ὅλης
2773 4662 2952 4735 ψυχῆς
2996 4663 3092 4717 καὶ
3135 4662 3358 4733 καρδίας
3389 4661 3479 4714 τὸν
3511 4662 3651 4732 Χρι-

2077 4757 2202 4812 στὸν
2234 4758 2524 4828 ἀγαπήσας
2555 4757 2649 4810 καὶ
2691 4757 2790 4827 τὴν
2823 4755 2986 4811 αὐτοῦ
3032 4755 3232 4808 πίστιν⁸
3267 4754 3649 4823 ἀποτάσσομαι

2075 4853 2225 4925 πάσῃ
2256 4854 2320 4921 τῇ
2366 4850 2626 4921 Ἑϐραῖκῇ
2661 4848 2958 4922 θρησκείᾳ,
2993 4847 3088 4902 καὶ
3117 4850 3183 4919 τῇ
3228 4849 3514 4918 περιτομῇ,
3550 4847 3650 4900 καὶ

2072 4944 2183 5007 τοῖς
2215 4933 2463 5014 νομίμοις
2495 4943 2627 4994 πᾶσι
2649 4981 2662 5004 ,
2698 4940 2792 4994 καὶ
2823 4943 2935 5004 τοῖς
2979 4936 3249 5008 ’Λζύμοις,
3284 4939 3379 4991 καὶ
3419 4936 3498 5007 τῷ
3531 4937 3648 4990 Πά-

2075 5052 2200 5106 σχα,
2251 5035 2344 5088 καὶ
2387 5036 2453 5104 τῇ
2487 5033 2660 5103 Θυσίᾳ
2703 5031 2795 5086 τοῦ
2841 5029 3045 5103 ἀμνοῦ,
3080 5030 3174 5083 καὶ
3217 5033 3282 5101 τῇ
3317 5029 3423 5082 τῶν
3467 5029 3651 5082 Ἑϐδο-

2075 5128 2253 5200 μάδων
2285 5128 2462 5196 ἑορτῇ,
2499 5126 2591 5179 καὶ
2620 5125 2698 5196 τῷ
2740 5124 3048 5196 Ίωόηλαίῳ,
3084 5123 3180 5176 καὶ
3210 5127 3329 5186 ταῖς
3361 5121 3646 5188 Σάλπιγξι,

2073 5221 2166 5274 καὶ
2196 5219 2273 5290 τῷ
2317 5217 2571 5289 Ἱλασμῷ,
2605 5219 2700 5270 καὶ
2749 5219 2866 5279 ταῖς
2912 5215 3347 5287 Σκηνοπηγίαις,
3384 5214 3478 5266 καὶ
3523 5217 3650 5278 ταῖς

2073 5311 2287 5374 λοιπαῖς
2333 5311 2571 5373 ἁπάσαις
2620 5309 2832 5380 ἑορταῖς
2876 5307 2983 5361 τῶν
3026 5307 3290 5379 Ἑϐραίων
3313 5347 3326 5371 ,
3381 5306 3475 5359 καὶ
3526 5309 3650 5368 ταῖς

2077 5404 2309 5467 θυσίαις,
2345 5403 2440 5457 καὶ
2471 5401 2589 5464 ταῖς
2623 5403 2950 5470 προσευχαῖς
2972 5440 2987 5466 ,
3022 5399 3116 5452 καὶ
3145 5401 3258 5462 τοῖς
3306 5400 3642 5469 ῥαντισμοτς,

2079 5498 2174 5552 καὶ
2205 5501 2316 5561 τοῖς
2347 5498 2724 5570 καθαρισμοῖς,
2775 5495 2868 5549 καὶ
2897 5497 3009 5557 τοῖς
3039 5495 3343 5563 ἀγνισμοίς,
3379 5492 3473 5546 καὶ
3522 5494 3648 5556 ταῖς

479 5651 1000 5726 (67)_Fra3mentum
1057 5656 1203 5711 istud
1254 5665 1375 5726 post
1435 5655 1787 5713 Coutantium
1865 5655 2199 5726 subiecimus
2255 5653 2554 5712 Clementis
2596 5654 2854 5726 Epistolis
2923 5654 2994 5710 ad
3047 5651 3390 5716 Corinthios,
3445 5665 3637 5721 supra.

411 5721 568 5775 Eutr.
599 5721 765 5776 Parii.

2779 1733 3005 1800 Πέτρον
3074 1732 3181 1788 τοῦ
3217 1786 3230 1796 ,
3247 1732 3660 1793 ἀποστολικοῦ
3745 1789 3756 1797 .
