4036 6252
410 402 549 458 1657

1467 395 2037 456 RECOGNITIONES.
2075 427 2143 438 —
2172 395 2530 451 APPENDlX.

3516 403 3654 460 “58

406 517 702 590 νηστείαις,
738 516 832 573 καὶ
863 520 974 582 τοῖς
1007 517 1324 580 Σαόδάτοις,
1361 518 1456 570 καὶ
1487 523 1608 585 ταῖς
1633 517 1984 587 Νεομηνίαις,

2092 528 2317 581 eorum;
2347 523 2402 568 et
2443 513 2691 568 absolute
2733 505 2986 570 renuntio
3016 519 3164 572 omni
3193 519 3543 574 Judaieorum
3580 521 3655 575 le-

405 612 501 666 xai
555 614 669 675 τοῖς
723 609 1003 682 βρώμασι,
1055 610 1148 662 καὶ
1199 612 1313 673 τοῖς
1357 610 1599 682 πόμασιν
1644 610 1838 664 αὐτῶν·
1888 605 1982 660 καὶ

405 705 592 768 ἁπλῶς
637 703 1013 773 ἀποτάσσομαι
1059 703 1221 755 παντὶ
1267 702 1568 756 Ἰουδαϊκῶν
1611 703 1857 774 νομίμων
1889 700 1983 754 καὶ¹

405 796 550 862 ἔθει,
586 796 680 850 καὶ
725 793 1132 865 ἐπιτηδεύματι·
1182 795 1286 848 καὶ·
1323 797 1415 848 ἐπὶ
1457 794 1666 858 τούτοις
1712 795 1986 864 ἀναθεμα-

405 886 541 952 τίζω
570 886 668 952 τὰς
700 886 850 959 παρά
897 886 1166 951 Ἰουδαίοις
1198 886 1438 959 αἱρέσεις
1484 888 1578 940 καὶ
1607 886 1734 950 τοὺς
1779 889 1987 957 αἱρετι-

407 979 554 1044 κούς·
590 978 1007 1044 Σαδδουκαίους,
1041 979 1166 1042 τοὺς
1197 977 1518 1049 λεγομένους
1548 978 1809 1041 δικαίους,
1855 974 1988 1029 οἵτι-

406 1087 496 1133 νες
527 1070 588 1122 τὸ
612 1068 834 1140 Πνεῦμα
866 1069 926 1122 τὺ
971 1068 1125 1137 ἆγιον
1175 1067 1589 1140 βλασφημοῦσι,
1625 1069 1719 1122 καὶ
1748 1067 1848 1138 τὴν
1877 1064 1987 1118 τῶν

405 1161 615 1233 νεκρῶν
646 1161 941 1215 ἀνάστασιν
974 1159 1242 1224 ἀθετοῦσι,
1279 1159 1372 1213 καὶ
1403 1161 1531 1224 τοὺς
1562 1159 1824 1229 ἀγγέλους
1855 1158 1992 1210 ἀπο-

407 1253 709 1308 ϐάλλονται·
744 1252 1090 1322 Φαρισαίους,
1124 1253 1248 1317 τοὺς
1280 1251 1694 1323 ἀφωρισμένους
1717 1292 1731 1315 ,
1765 1250 1814 1304 οἳ
1849 1247 1991 1303 κατά

405 1345 662 1417 δευτέραν
707 1345 802 1398 καὶ
846 1344 1075 1416 πέμπτῃ
1118 1344 1501 1414 νηστεύοντες,
1549 1343 1643 1396 καὶ
1694 1341 1991 1414 παρθενίαν

407 1437 500 1491 ἐπὶ
546 1438 772 1508 καιροὺς
816 1434 1152 1507 ὡρισμένους
1203 1434 1654 1505 ὑποκρινόμενοι,
1700 1431 1994 1502 μετέπειτα

406 1529 588 1582 λύουσι
617 1530 798 1582 πᾶσαν
824 1528 1150 1600 ἐγκράτειαν
1172 1565 1188 1591 ,
1214 1525 1494 1591 δοξάζουσι
1531 1525 1587 1579 δὲ
1615 1524 1958 1597 εἱμαρμένην
1975 1565 1990 1589 ,

405 1621 502 1676 καὶ
545 1622 610 1691 τῇ
653 1619 979 1693 ἀστρολογίᾳ
1027 1618 1376 1691 σχολάζουσι·
1425 1617 1810 1690 Νασαραίους,
1867 1618 1994 1680 τοὺς

2081 605 2396 676 gitimorum
2426 612 2541 659 tum
2588 603 2747 672 mori,
2780 613 2894 660 tum
2946 607 3214 666 instituto.
3248 610 3328 665 Ad
3374 611 3486 666 haec
3517 627 3652 666 ana-

2083 696 2322 751 themate
2374 695 2513 750 ferio
2547 705 2600 751 et
2643 697 2878 752 haereses
2916 715 3038 769 qum
3083 704 3222 770 apud
3261 700 3477 758 Judmos
3507 703 3657 756 inve-

2087 787 2335 851 niuntur,
2371 796 2426 842 et
2456 787 2604 856 ipsos
2634 788 2953 857 haereticbs;
3003 789 3331 848 Sadducmos
3355 834 3368 857 ,
3401 793 3492 863 qui
3519 792 3656 863 justi

2086 885 2374 944 vocantur,
2409 880 2610 948 quique
2661 878 2924 950 Spiritum
2964 892 3208 937 sanctum
3255 885 3655 955 blasphemant,

2087 983 2431 1029 mortuorum
2474 976 2932 1031 resurrectionem
2976 977 3320 1040 inﬁciantur,
3353 988 3516 1050 atque
3559 998 3660 1036 an-

2088 1067 2239 1138 gelos
2271 1066 2560 1137 rejiciunt;
2595 1066 2922 1133 Pharisaeos,
2955 1078 3268 1141 segregatos
3297 1072 3387 1140 qui
3419 1075 3670 1129 secunda-

2090 1167 2144 1214 et
2170 1159 2362 1230 quinta
2403 1159 2538 1214 feria
2581 1161 2864 1230 jejunant,
2899 1161 3272 1232 virginitatem
3315 1180 3412 1234 per
3437 1165 3674 1222 deﬁnita.

2093 1257 2339 1320 tempora
2371 1250 2656 1314 simulant,
2688 1258 2987 1321 posteaque
3015 1265 3228 1306 omnem
3271 1255 3489 1308 solvunt
3532 1270 3663 1308 eon-

2091 1341 2398 1407 tinentiam,
2437 1341 2606 1396 fatum
2634 1349 2814 1396 autem
2841 1341 3158 1412 praedicant,
3183 1351 3236 1398 et
3267 1353 3461 1398 vacant
3490 1354 3664 1410 astro-

2093 1435 2282 1506 logiae;
2309 1434 2619 1503 Nazarzeos,
2669 1434 3051 1500 refractarios,
3083 1436 3174 1506 qui
3211 1437 3382 1506 legem
3421 1452 3450 1490 a
3484 1436 3677 1508 Moyse-

2093 1527 2162 1584 de
2193 1528 2480 1584 sacriﬁciis
2507 1529 2673 1582 latam
2697 1545 2806 1585 non
2839 1529 3170 1594 admittunt,
3195 1528 3427 1599 ideoque
3457 1529 3668 1582 anima-

2095 1621 2167 1676 tis
2211 1620 2529 1685 abstinent,
2581 1636 2682 1676 nec
2730 1623 2998 1677 ullatenus
3041 1622 3388 1688 sacriﬁcant;
3429 1619 3664 1688 Ossaeos,

405 1710 830 1784 ἀφηνιαστάς,οἳ
854 1711 946 1765 τὸν
979 1711 1108 1783 περὶ
1140 1709 1339 1764 θυσιῶν
1370 1711 1430 1764 ού
1473 1709 1868 1781 παραδέχονται
1899 1706 1992 1760 τοῦ

2096 1712 2542 1782 procacissimos,
2582 1713 2676 1782 qui
2727 1713 2847 1769 aliis
2888 1728 2918 1766 a
2963 1710 3102 1784 Lege
3148 1712 3448 1783 Scripturis
3476 1713 3583 1777 usi,
3614 1720 3670 1766 et

404 1804 648 1868 Μωσέως
668 1803 853 1874 νόμον,
873 1805 967 1858 καὶ
997 1803 1083 1860 διὰ
1101 1802 1258 1856 τοῦτο
1281 1801 1540 1873 ἐμψύχων
1563 1801 1884 1872 ἀπέχονται,
1899 1799 1992 1852 καὶ

2098 1803 2389 1872 plerosque
2434 1804 2822 1875 prophetarum
2864 1804 3202 1872 rejicientes,
3251 1803 3514 1875 magistro
3556 1805 3671 1874 glo-

403 1899 545 1962 ὅλως
597 1897 654 1950 οὐ
706 1870 912 1949 Θύουσι·
962 1894 1275 1959 Ὁσσαίους,
1317 1870 1463 1958 eos;
1508 1870 1912 1965 ἰταμωτάτους,
1939 1894 1990 1947 οἳ

2094 1893 2308 1949 riantur
2349 1894 2591 1960 homine,
2631 1895 2720 1949 cui
2752 1911 2950 1950 nomen
2985 1895 3132 1950 Elxai
3158 1936 3173 1960 ,
3213 1895 3318 1949 hoc
3362 1903 3468 1959 est,
3505 1895 3668 1948 virtus

406 1992 646 2061 γραφαῖς
681 1988 896 2059 ἑτέραις
929 1985 1077 2058 παρὰ
1108 1986 1202 2040 τὸν
1233 1987 1397 2058 νόμον
1426 1984 1723 2058 χρώμενοι,
1752 1985 1989 2049 καὶτοὺς

407 2079 631 2142 πλείους
675 2077 782 2131 τῶν
832 2075 1128 2148 προφητῶν
1167 2075 1625 2146 άποϐαλλόμενοι,
1672 2073 1990 2128 διδάσκαλον

405 2168 662 2240 αὐχοῦσιν
714 2168 1031 2240 ἄνθρωπον,
1087 2166 1273 2232 Ἦλξαῒ
1327 2165 1692 2238 καλούμενον,
1749 2165 1846 2218 εἴτ’
1899 2161 1991 2218 οὖν

405 2259 665 2329 δύναμιν
692 2259 1173 2329 κεκαλυμμένην,
1205 2259 1302 2312 καὶ
1322 2257 1554 2330 Μαρθὼ,
1579 2258 1674 2313 καὶ
1694 2256 1992 2328 Μαρθάνην

403 2351 504 2414 τὰς
545 2351 654 2405 ἀπὸ
693 2351 788 2406 τοῦ
838 2351 1031 2422 γένους
1076 2350 1241 2404 αὑτοῦ
1289 2349 1704 2422 καταγομένας,
1755 2349 1829 2412 ὡς
1865 2346 1992 2411 θεὰς

403 2443 658 2515 τιμῶσιν·
701 2445 1084 2517 Ἦρωδιᾱνοὺς,
1125 2445 1182 2497 οἴ
1213 2461 1357 2508 τινες
1392 2444 1482 2497 τὸν
1512 2442 1807 2512 ἀλλόφυλον
1836 2441 1990 2512 βασι-

405 2536 503 2591 λέα
533 2537 642 2591 τῶν
686 2537 973 2600 Ἰουδαίων,
1006 2536 1251 2608 Ἡρώδην
1278 2538 1370 2591 τὸν
1408 2536 1886 2608 σκωληκόϐρωτον,
1917 2535 1993 2598 ὡς

377 2633 642 2704 -Χριστὸν
683 2633 1030 2698 δοξάζουσιν·
1079 2633 1589 2706 Ἦμεροεαπτιστάς
1610 2674 1624 2699 ,
1669 2633 1717 2686 οἳ
1748 2632 1818 2685 τά
1853 2632 1993 2685 αὐτὰ

405 2728 725 2798 φρονοῦντες
757 2731 870 2793 τοῖς
901 2729 1232 2802 Φαρισαίοις,
1253 2727 1637 2800 δογματίζουσι
1666 2725 1807 2782 κατὰ
1827 2742 1994 2798 προσ-

405 2817 580 2890 θήκην
629 2819 690 2872 τὺ
741 2819 816 2893 μὴ
865 2821 1124 2875 δύνασθαι
1156 2821 1439 2892 ἄνθρωπον
1480 2819 1752 2890 σωθῆναι,
1788 2819 1882 2873 ἐάν
1919 2818 1992 2890 μὴ

408 2907 532 2962 καθ’
576 2908 812 2980 ἑκάστην
860 2911 1070 2982 ἡμέραν
1107 2909 1445 2980 βαπτίζεται·
1492 2910 1846 2981 Γραμματεῐς
1875 2908 1994 2980 ἦτοι

405 2998 921 3068 νομοδιδασκάλους,
989 3001 1038 3056 οἳ
1107 3001 1181 3073 μὴ
1222 3000 1464 3065 θέλοντες
1510 3001 1651 3054 κατὰ
1695 3001 1786 3054 τὸν
1833 3003 1995 3070 νόμον

407 3090 528 3163 ζῇν,
563 3090 697 3145 ἀλλά
731 3092 1072 3164 περισσεύειν
1111 3093 1295 3157 αὐτοῦ,
1324 3092 1526 3160 ξεστῶν
1565 3093 1659 3147 καὶ
1700 3093 1991 3164 ποτηρίων,

408 3183 505 3237 κα)⁹
539 3185 816 3249 πινάκων,
864 3185 958 3238 καὶ
1003 3184 1114 3237 τῶν
1147 3184 1322 3238 ἄλλων
1368 3185 1577 3239 σκευῶν
1630 3185 1990 3256 βαπτισμοὺς,

409 3274 503 3328 καὶ
526 3279 716 3348 πυγμῇ
737 3281 754 3297 '
783 3275 882 3340 τάς
914 3278 1101 3347 χεῖρας
1116 3278 1324 3331 νίπτειν
1352 3279 1445 3330 καὶ
1475 3277 1544 3330 τά
1579 3277 1745 3349 σκεύη
1779 3277 1994 3331 πλύνειν

407 3367 713 3434 ἐπινοοῦσι,
761 3370 855 3422 καὶ
900 3369 1083 3434 ἁπλῶς
1126 3368 1324 3433 πολλάς
1374 3369 1704 3439 παραδόσεις
1750 3369 1886 3432 ιδίας
1916 3369 1995 3440 τῷ

407 3461 558 3533 νόμῳ
604 3462 1020 3534 προστιθέντες,
1066 3461 1429 3534 Δευτερώσεις
1473 3463 1673 3526 ταύτας
1718 3462 1992 3527 καλοῦσιν,

408 3547 522 3606 οἷον
554 3554 815 3629 δευτέρας
847 3557 981 3611 Θεοῦ
1015 3557 1353 3628 νομοθεσίας,
1386 3557 1482 3610 καὶ
1509 3557 1606 3628 τὴν
1641 3556 1739 3626 μὲν
1771 3554 1994 3627 πρώτην

408 3645 618 3716 ψευδῶς
643 3648 1004 3721 ἀναφέρουσιν
1026 3651 1106 3714 είς
1137 3650 1227 3703 τὸν
1260 3649 1486 3714 Μωσέα,
1521 3649 1616 3720 τὴν
1649 3649 1705 3702 δὲ
1736 3647 1995 3717 δευτέραν

409 3739 491 3802 είς
534 3739 624 3793 τὸν
670 3741 861 3794 Ῥαϐὄὶ
903 3743 1155 3806 ’Λκιϐᾶν,
1204 3741 1301 3814 τὴν
1347 3741 1404 3794 δὲ
1443 3741 1635 3812 τρίτην
1686 3742 1766 3803 εἰς
1803 3740 1992 3792 Ἀννᾶν

408 3831 500 3884 τὸν
539 3833 634 3886 καὶ
668 3833 891 3900 Ἰούδαν,
921 3835 1020 3906 τὴν
1049 3835 1104 3890 δὲ
1139 3835 1406 3907 τετάρτην
1447 3835 1528 3897 είς
1559 3835 1685 3897 τοὺς
1712 3833 1990 3902 Νασάμω-

410 3924 562 3977 ναίου
589 3923 698 3999 (68)
735 3928 902 3992 υίοὺς,
937 3929 994 3982 οἵ
1033 3946 1177 3992 τινες
1223 3930 1317 3983 καὶ
1363 3928 1425 3982 τὸ
1468 3927 1740 3984 Σᾶὀὸατον
1781 3930 1838 3980 ἐν
1879 3927 1993 3989 τοῖς

411 4015 670 4086 πολέμοις
719 4016 1008 4090 ἠθέτησαν.
1058 4018 1274 4084 Ταύτας
1313 4015 1406 4072 οὗν
1451 4014 1861 4089 ἀναθεματίζων
1893 4015 1992 4079 τὰς

424 4106 721 4173 Ἰουδαῖκάς
768 4109 948 4175 πάσας
998 4110 1271 4184 αἱρέσεις,
1319 4111 1568 4174 καὶτοὺς
1613 4109 1989 4180 αἱρεσιάρχας,

411 4200 507 4256 καὶ
538 4199 637 4265 τὰς
669 4202 1031 4274 Δευτερὼσεις
1053 4244 1066 4264 .
1111 4205 1205 4258 καὶ
1235 4205 1361 4267 τοὺς
1394 4201 1759 4274 Δευτερωτάς,
1795 4199 1989 4254 ἀναθε-

417 4292 630 4359 ματίςω
663 4291 800 4363 μετὰ
832 4294 1034 4348 τούτων
1067 4297 1161 4349 καὶ
1190 4296 1317 4359 τοὺς
1348 4295 1446 4365 τὴν
1480 4295 1671 4366 ἑορτὴν
1701 4291 1988 4353 τελοῦντας

2089 1987 2422 2052 abscondita,
2451 2000 2612 2058 atque
2657 2003 2722 2043 ex
2754 2005 2950 2059 genere
2987 1988 3162 2058 ipsius
3199 2000 3349 2042 ortas
3391 1989 3666 2049 mulieres,

2090 2079 2430 2136 Marthonem
2463 2090 2517 2136 et
2541 2082 2880 2136 Marthanam
2906 2082 3070 2137 veluti
3093 2084 3224 2137 deas
3246 2084 3466 2149 colunt;
3500 2082 3673 2138 Hero--

2090 2173 2306 2236 dianos,
2333 2175 2425 2242 qui
2456 2173 2814 2244 alienigenam
2841 2187 3018 2244 regem
3042 2171 3352 2229 Iudaeorum
3377 2173 3669 2237 Herodem,

2091 2278 2122 2318 a
2152 2263 2432 2319 vermibus
2461 2279 2710 2328 exesum,
2743 2273 3003 2338 tanquam
3034 2265 3313 2322 Christum
3344 2267 3620 2322 celebrant
3649 2285 3662 2332 ;

2091 2351 2628 2423 Hemerobaptistas,
2658 2357 2750 2425 qui
2795 2357 2984 2410 eadem
3025 2358 3323 2411 sentientes
3370 2372 3495 2411 cum
3528 2357 3672 2411 Pha-

2092 2447 2292 2512 risaais,
2327 2458 2586 2516 praeterea
2623 2448 2840 2513 docent,
2865 2451 3139 2504 neminem
3163 2449 3372 2504 salvum
3402 2451 3516 2505 ﬁeri
3542 2468 3672 2522 pos~

2093 2554 2172 2603 se,
2205 2539 2312 2594 nisi
2343 2539 2588 2608 quotidie
2615 2541 2756 2595 lavet
2792 2558 2805 2592 :
2839 2541 3064 2596 Scribas
3097 2559 3190 2597 seu
3234 2541 3371 2613 legis
3395 2541 3669 2608 doctores,

2093 2633 2185 2702 qui
2217 2630 2326 2685 ιιὸῐι
2355 2631 2598 2686 contenti
2641 2631 2792 2700 juxta
2847 2632 3022 2703 legem
3055 2634 3264 2700 vivere,
3298 2635 3393 2690 sed
3431 2638 3672 2693 volentes

2093 2725 2249 2795 plura
2279 2723 2459 2778 facere
2488 2739 2650 2793 quam
2683 2725 2774 2777 illa
2818 2726 3168 2794 praescribat,
3205 2727 3557 2784 intinctioncs
3588 2746 3675 2784 ur-

2093 2831 2350 2876 ceorum.
2384 2816 2616 2870 calicum
2638 2855 2653 2881 ,
2687 2815 2964 2871 discorum
3008 2833 3071 2872 ac
3129 2820 3350 2889 reliquae
3438 2821 3673 2890 supelle-

2093 2909 2239 2964 ctilis
2276 2908 2607 2978 excogitant,
2641 2908 2912 2979 simulque
2941 2925 3135 2967 manus
3181 2910 3496 2980 frequenter
3526 2914 3674 2965 lava-

2096 3016 2174 3063 re,
2206 3007 2260 3056 et
2299 3016 2430 3056 vasa
2463 3002 2706 3067 abluere,
2745 3012 2908 3073 atque
2955 3005 3178 3059 omnino
3209 3005 3395 3059 multis
3424 3006 3674 3061 traditio-

2096 3090 2257 3146 nibus
2289 3091 2405 3146 suis
2445 3092 2513 3145 ad
2576 3088 2752 3162 legem
2783 3093 3004 3156 additis,
3038 3109 3131 3148 eas
3169 3095 3441 3164 appellant
3477 3095 3676 3151 Deutc-

2097 3198 2272 3247 roses,
2305 3184 2462 3254 quasi
2486 3186 2756 3240 secundas
2799 3185 2892 3240 Dei
2931 3187 3330 3257 legislationes;
3357 3196 3410 3244 et
3441 3191 3674 3260 primam

2098 3277 2318 3347 quidem
2361 3276 2499 3331 falso
2532 3277 2778 3332 referunt
2807 3279 2874 3332 ad
2905 3279 3163 3350 Moysem,
3212 3281 3504 3335 secundam
3549 3299 3674 3337 vero

2097 3367 2166 3420 ad
2196 3365 2368 3422 Rabbi
2398 3367 2649 3432 Akibam,
2683 3370 2900 3423 tertiam
2947 3371 3015 3425 ad
3046 3371 3256 3424 Annam
3289 3373 3380 3441 qui
3421 3383 3473 3426 et
3504 3371 3673 3428 Judas

2097 3457 2318 3524 dicitur,
2369 3471 2620 3530 quartam
2669 3468 2850 3514 autem
2897 3463 2964 3516 ad
3013 3462 3317 3518 Asamonasi
3370 3464 3529 3531 ﬁlios,
3581 3466 3674 3536 qui

2097 3549 2261 3605 etiam
2297 3549 2594 3604 Sabbatum
2619 3551 2673 3604 in
2703 3551 2907 3621 praaliis
2936 3552 3228 3609 violarunt.
3257 3553 3362 3610 llas
3400 3571 3528 3626 ergo
3551 3571 3677 3610 ana-

2098 3641 2463 3696 thematizans
2501 3639 2761 3696 Iudaicus
2799 3657 2988 3697 omnes
3035 3643 3271 3698 haereses
3305 3653 3358 3698 et
3392 3645 3677 3702 haeresiab

2093 3735 2248 3802 chas,
2278 3737 2517 3804 itemque
2544 3732 2872 3790 Deutcroses
2909 3749 3034 3789 cum
3071 3733 3416 3806 Deutcrotis,
3448 3740 3676 3794 anathe-

2093 3826 2293 3880 matizo
2335 3841 2459 3880 cum
2493 3825 2602 3879 illis
2635 3823 2799 3878 etiam
2831 3841 2926 3881 eos
2955 3827 3049 3896 qui
3091 3826 3289 3881 festum
3323 3830 3498 3884 vocati
3533 3828 3677 3882 Mar-

2093 3916 2302 3971 dochzei
2339 3917 2616 3972 celebrant
2659 3916 2725 3970 ad
2771 3918 3004 3986 primum
3040 3916 3336 3972 Sabbatum
3378 3919 3676 3974 Christiani

2086 4007 2323 4077 jejunii;
2355 4015 2410 4062 et
2462 4011 2650 4076 utique
2699 4007 2846 4076 ligno
2894 4008 3156 4063 Amanem
3187 4010 3358 4063 clavis
3411 4010 3674 4081 aﬂigunt,

2097 4101 2292 4156 deinde
2321 4100 2371 4155 ei
2415 4101 2647 4155 miscent
2689 4100 2870 4156 crucis
2901 4100 3148 4170 signum,
3192 4117 3407 4170 unaque
3452 4104 3681 4157 combu-

2095 4199 2246 4255 runt,
2281 4206 2345 4244 ac
2372 4191 2552 4246 omnis
2588 4190 2803 4262 generis
2836 4189 3322 4258 imprecationibus
3362 4200 3417 4246 et
3446 4195 3676 4250 anathe-

2093 4284 2226 4338 mati
2255 4281 2597 4338 Christianos
2620 4282 2936 4352 subjiciunt.

410 4383 505 4436 τοῦ
563 4383 856 4457 λεγομένου
909 4387 1252 4458 Μαρδοχαίου
1299 4386 1438 4440 κατά
1497 4386 1558 4440 τδ
1611 4385 1826 4456 πρῶτον
1872 4379 2150 4436 Σάϐϐατον
2195 4375 2303 4431 τῶν
2351 4375 2750 4445 Χριστιανικῶν
2808 4378 3103 4447 νηστειῶν,
3153 4378 3248 4432 καὶ
3322 4375 3462 4448 ξύλῳ
3508 4375 3666 4448 δῆθεν

409 4471 502 4526 τὸν
535 4473 706 4546 ’Δμᾶν
751 4477 1191 4548 προσηλοῦντας,
1253 4473 1371 4530 εἶτα
1432 4477 1726 4549 μιγνύντας
1783 4471 1930 4543 αὐτῷ
1970 4470 2032 4524 τὸ
2083 4465 2319 4538 σταυροῦ
2363 4471 2620 4540 σημεῖον,
2669 4467 2764 4521 καὶ
2812 4471 3346 4538 συγκατακαίονταῇ
3394 4471 3559 4542 ἀραῖς
3607 4487 3667 4524 τε

412 4569 693 4632 παντοίαις
748 4570 843 4623 καὶ
875 4568 1174 4641 άναθέματι
1204 4572 1327 4633 τοὺς
1355 4570 1717 4642 Χριστιανοὺς
1750 4565 2170 4623 ὑποϐάλλοντας.

496 4659 900 4733 Ἀναθεματίζω
943 4662 1079 4734 πρὸς
1117 4667 1228 4728 τοῖς
1265 4664 1534 4729 παλαιοῖς,
1572 4660 1990 4735 Ἀρχιραϐϐίτας
2025 4661 2067 4715 D

414 4751 510 4808 καὶ
536 4753 661 4816 τοὺς
693 4753 849 4817 νέους
887 4753 1000 4807 τῶν
1042 4753 1307 4808 Ἰουδαίων
1337 4753 1845 4816 κακοδιδασκάλους,
1877 4749 1992 4804 Λά-

416 4839 580 4912 ζαρόν
635 4859 795 4913 φημι,
830 4843 919 4896 τὸν
951 4843 1048 4914 τὴν
1079 4841 1314 4914 ἄθεσμον
1348 4843 1536 4919 ἑορτὴν
1576 4842 1862 4914 ἐξευρόντα
1890 4841 1990 4911 τῆς

413 4929 709 5002 λεγομένης
733 4937 862 5007 παρ’
888 4936 1070 4998 αὐτοῖς
1091 4934 1501 5005 Μονοποδαρίας
1529 4934 1658 5004 (69),
1687 4934 1778 4988 καὶ
1805 4933 1990 4986 Ἠλίαν

414 5019 507 5072 τὸν
543 5021 752 5080 ἐκείνου
792 5024 932 5078 κατά
968 5026 1067 5097 τὴν
1105 5023 1418 5080 δυσσέϐειαν
1454 5024 1554 5076 οὐκ
1586 5023 1858 5087 ἐλάττονα,
1894 5023 1990 5074 Βεη

414 5112 602 5182 νιαμίν
627 5129 689 5166 τε
721 5115 814 5167 καὶ
842 5117 1141 5181 Ζεϐεδαῖον,
1165 5117 1260 5171 καὶ
1303 5116 1618 5188 Ἀϐράμιον,
1649 5117 1742 5169 καὶ
1774 5115 1991 5186 Συμϐά-

414 5221 551 5270 τιον,
587 5204 683 5258 καὶ
713 5206 839 5270 τοὺς
862 5207 1104 5274 λοιπούς.
1131 5211 1241 5264 Καὶ
1275 5210 1369 5264 ἐπὶ
1399 5211 1530 5262 πᾶσι
1557 5209 1766 5272 τούτοις
1799 5210 1993 5264 ἀναθε-

421 5295 630 5368 ματίξω
653 5337 668 5362 ,
711 5297 807 5353 καὶ
857 5301 1340 5375 καταναθεματίζω
1383 5301 1474 5354 τὸν
1521 5299 1672 5372 παρά
1715 5301 1822 5353 τῶν
1868 5301 1996 5354 ’1ου-

414 5388 581 5444 δαίων
605 5387 1048 5461 προσδοκώμενον
1071 5391 1148 5455 ὡς
1170 5393 1403 5464 Χριστὸν
1427 5391 1738 5446 ἐλεύσεσθαι
1761 5394 1992 5460 Μεσίαν,

417 5480 516 5534 εἴτ’
563 5477 656 5535 οὖν
698 5481 1024 5554 εἰλημμένον
1068 5482 1175 5554 (70)
1196 5525 1210 5549 ,
1262 5485 1460 5557 μᾶλλον
1505 5485 1561 5539 δὲ
1605 5485 1988 5558 Ἀντίχριστον·

418 5572 512 5626 καὶ
557 5571 994 5643 ἀποτασσόμενος
1035 5573 1182 5644 αὐτῷ
1229 5577 1592 5647 συντάσσομαι
1639 5575 1718 5648 τῷ
1758 5576 1992 5654 ἀληθινῷ

514 5770 601 5843 68)
630 5772 862 5841 Νασαμ.
883 5771 1022 5843 Δ[ιειζ.
1068 5765 1260 5843 Ἃσαμ.
1291 5775 1505 5842 Cornu,

513 5841 602 5916 69)
628 5841 922 5900 Μονοποδ.
953 5842 1113 5900 Forte
1140 5841 1286 5916 quod
1312 5861 1475 5918 super
1506 5848 1622 5906 uno
1649 5851 1785 5922 pede
1823 5852 1986 5906 salt-a-

2175 4655 2239 4710 ll.
2284 4651 2700 4708 Anathematizo
2739 4662 2937 4723 praeter
2985 4665 3230 4721 veteres,
3263 4656 3677 4713 Archirahbitas

2097 4762 2316 4822 quoque
2351 4753 2405 4801 et
2435 4759 2605 4799 novos
2633 4744 2953 4804 .Iudznorum
2979 4749 3150 4806 malos
3186 4748 3475 4816 dOt-tores;
3507 4749 3676 4804 Laza-

2098 4855 2243 4905 rum,
2271 4838 2516 4906 inquam,
2549 4834 2888 4891 inventorem
2939 4836 3136 4893 nefarii
3189 4837 3314 4896 festi
3355 4837 3502 4908 quod
3533 4838 3676 4907 apud

2098 4930 2222 4984 illos
2274 4928 2580 4998 appellatur
2625 4926 3044 4998 Monopodaria;
3102 4928 3229 4982 item
3279 4926 3449 4982 Eliam
3501 4926 3577 4980 illi
3619 4927 3676 4981 in

2099 5023 2381 5094 impietate
2410 5020 2724 5076 nullatenus
2753 5019 3030 5076 cedentem
3061 5037 3086 5087 ;,
3120 5019 3495 5089 Benjaminum
3529 5021 3676 5090 pari--

2096 5122 2181 5170 ter
2227 5130 2290 5167 ac
2342 5111 2686 5177 Zebedaaum,
2732 5113 3085 5178 Abramium,
3133 5112 3507 5185 Symbatium,
3547 5111 3680 5166 reli-A

2097 5220 2366 5277 quosque.
2397 5203 2479 5259 Ad
2511 5205 2626 5260 hmo
2663 5205 2844 5258 omnia
2897 5205 3184 5260 anathema
3212 5214 3268 5261 et
3293 5205 3672 5259 catanathema

2096 5299 2391 5369 pronuntio
2421 5296 2475 5350 iu
2503 5312 2626 5352 cum
2659 5297 2759 5372 qui
2791 5310 2820 5350 a
2861 5295 3067 5354 Iudaeis
3112 5306 3400 5364 venturus,
3432 5304 3490 5352 ut
3512 5295 3673 5350 Chriw

2095 5398 2213 5446 stus
2243 5397 2614 5460 exspectatur,
2649 5388 2902 5444 Messiam
2926 5405 3021 5444 seu
3056 5399 3303 5458 unctum,
3336 5391 3508 5461 magis
3536 5404 3676 5443 vero

2092 5481 2526 5538 Anti-Christum
2560 5501 2572 5536 :
2606 5487 2660 5537 et
2703 5481 3025 5537 renuntians
3072 5483 3152 5546 ei,
3197 5500 3282 5537 me
3328 5481 3552 5538 confero
3602 5480 3685 5540 ad.

2094 5597 2282 5636 verum
2311 5583 2597 5651 solumque
2625 5577 2901 5638 Christum
2942 5595 3005 5632 ac
3039 5578 3228 5634 Deum.
3263 5580 3439 5637 Credo
3471 5583 3527 5637 in
3568 5577 3672 5636 Pa.

2093 5789 2235 5852 rent.
2260 5778 2368 5852 γει
2401 5797 2432 5834 a
2455 5780 2659 5852 mensis
2688 5779 3048 5852 monopodiis.
3078 5778 3152 5852 lo.

2165 5851 2276 5922 (70)
2303 5850 2693 5921 Είλιυιμένον.
2719 5848 2987 5924 Leg.’1‘;).21
2995 5849 3213 5922 μμένον.
3237 5848 3311 5907 lo.
