4022 6274
432 365 564 422 1459

1304 362 1360 420 S.
1402 359 1789 418 CLEMENTIS
1825 360 1846 415 1
1882 358 2048 417 ROM.
2089 361 2292 421 PONT.
2333 361 2559 418 OPERA
2597 359 2822 416 DUBIA.

3532 362 3680 418 1460

432 486 589 540 trem,
622 473 820 531 Filium
856 482 910 531 et
952 475 1214 545 Spiritum
1238 484 1484 529 sanctum
1511 516 1524 538 ,
1557 483 1824 536 sanctam,
1858 486 1991 525 con-

2101 474 2187 526 xui
2223 474 2366 544 μόνῳ
2390 472 2608 544 Χριστῷ
2642 472 2734 525 xui
2766 470 2902 541 Θεῷ.
2930 470 3039 524 Καὶ
3076 467 3315 522 πιστεύω
3347 471 3425 533 εἰς
3457 470 3682 541 Πατέρα

427 569 847 625 substaiitialem
877 578 930 623 et
975 566 1309 622 individuam
1341 565 1688 620 Trinitatem.
1720 563 1997 620 Conﬁteor

428 662 865 718 lncarnationem
907 668 960 715 et
1010 660 1077 713 ad
1122 660 1369 713 homines
1423 657 1715 712 adventum
1752 658 1915 713 unius
1968 674 1998 712 e

428 764 617 811 sancta
657 753 946 819 Trinitate,
988 752 1197 807 scilicet
1252 750 1372 804 Filii
1429 751 1695 820 unigeniti
1744 765 1807 805 ac
1834 750 1996 805 Verbi

426 847 544 913 Dei,
577 864 607 901 a
655 845 815 901 Patre
859 853 985 900 ante
1034 846 1212 898 omnia
1246 844 1445 899 sazcula
1496 845 1686 914 geniti,
1718 860 1812 913 per
1836 859 1997 914 quem

427 943 609 998 omnia
644 942 787 995 facta
823 948 953 994 sunt
987 953 1148 992 zeum
1186 936 1351 991 credo
1390 952 1513 990 esse
1561 934 1812 991 Messium
1842 935 1936 1005 qui
1966 952 1996 989 a

428 1036 567 1108 Lege
588 1042 642 1091 et
671 1033 950 1105 prophetis
980 1032 1271 1101 praedictus
1302 1028 1438 1091 fuit';
1475 1037 1793 1099 certumque
1826 1029 1998 1084 habeo

425 1129 571 1200 quod
597 1128 709 1196 jam
740 1126 794 1179 in
831 1132 1027 1179 terram
1060 1123 1271 1179 venerit
1313 1130 1534 1193 propter
1576 1122 1798 1181 humani
1836 1138 1998 1191 gene-

426 1223 504 1277 ris
532 1220 800 1283 salutem;
825 1216 971 1287 quod
997 1232 1123 1271 vere
1154 1214 1332 1270 factus
1364 1215 1435 1271 sit
1469 1214 1653 1278 homo,
1686 1230 1787 1269 nec
1817 1222 1998 1267 tamen

425 1330 456 1368 a
505 1312 724 1383 propria
770 1309 1052 1364 divinitate
1103 1308 1434 1375 excesserit;
1488 1306 1633 1378 quod
1678 1307 1821 1361 idem
1872 1322 1998 1361 vere

425 1386 569 1460 Deus
601 1404 691 1468 sit,
728 1418 791 1456 ac
820 1417 946 1457 vere
975 1402 1160 1465 homo,
1196 1401 1403 1470 absque
1442 1398 1784 1464 confusione,
1820 1407 1997 1453 muta-

424 1498 571 1551 tione
608 1504 662 1550 et
690 1494 1029 1557 alteratione,
1070 1494 1126 1546 in
1170 1507 1278 1546 una
1312 1506 1544 1561 persona
1574 1501 1629 1546 et
1658 1491 1873 1547 duabus
1902 1505 1998 1543 na-

425 1589 599 1655 turis;
644 1586 898 1657 quodque
947 1593 1141 1655 sponte
1191 1596 1391 1639 cuncta
1448 1599 1641 1653 passus
1691 1584 1885 1646 fuerit,
1945 1590 1998 1638 et

424 1696 588 1735 Carne
617 1679 935 1743 cruciﬁxus,
959 1677 1244 1732 divinitate
1274 1677 1593 1746 impassibili
1624 1683 1994 1747 permanente,

425 1773 669 1841 sepultus
698 1771 881 1836 fuerit,
911 1786 975 1824 ac
1007 1770 1164 1824 tertia
1189 1768 1278 1823 die
1308 1770 1687 1832 resurrexerit,
1722 1777 1910 1838 postea
1941 1768 1996 1820 in

422 1864 621 1917 cmlum
650 1863 979 1925 ascenderit,
1012 1868 1384 1929 venturusque
1412 1861 1483 1915 sit
1514 1861 1569 1913 in
1590 1860 1793 1930 gloria,
1825 1867 1884 1913 ut
1908 1858 1999 1927 ju-

423 1954 568 2010 dicet
600 1956 750 2010 vivos
778 1965 829 2010 et
851 1965 1117 2010 mortuos.
1151 1953 1327 2009 Credo
1357 1969 1420 2008 ac
1448 1952 1722 2023 proﬁteor,
1754 1960 1999 2008 sanctam

422 2046 688 2115 virginem
720 2046 967 2111 Mariam,
998 2062 1119 2115 qua:
1144 2047 1445 2101 secundum
1471 2060 1690 2100 carnem
1722 2045 1874 2097 illum
1908 2059 2001 2114 pe-

424 2137 587 2209 perit,
619 2145 674 2191 et
704 2145 828 2206 post
856 2144 1074 2206 partum
1105 2138 1258 2208 virgo
1288 2136 1607 2207 permansit,
1634 2152 1759 2191 vere
1784 2151 1848 2189 ac
1875 2151 2002 2204 pro-

424 2231 542 2301 prie
582 2244 703 2285 esse
751 2228 847 2283 Dei
890 2229 1235 2299 genitricem,
1282 2244 1511 2298 eamque
1548 2242 1779 2282 veneror
1819 2234 1873 2281 et
1901 2228 2000 2283 ho-

425 2338 561 2378 noro
584 2331 841 2392 tanquam
890 2338 1015 2377 vere
1058 2329 1285 2375 matrem
1326 2320 1420 2375 Dei
1450 2320 1738 2387 iucarnati,
1771 2318 2000 2390 ideoque

425 2414 698 2468 dominam
730 2421 783 2468 et
812 2414 997 2469 heram
1028 2414 1085 2468 in
1111 2414 1289 2484 gratia
1320 2414 1519 2470 factam
1550 2413 1818 2468 universa}
1847 2426 2000 2466 crea-

425 2514 581 2560 turaz.
602 2506 791 2560 Adhuc
809 2521 1001 2576 panem
1034 2513 1087 2561 et
1117 2505 1323 2569 vinum,
1343 2520 1463 2574 qua:
1485 2504 1630 2574 apud
1655 2504 1999 2559 Christianos

426 2598 655 2668 mystice
685 2605 1100 2663 consecrantur,
1130 2597 1583 2668 quemadmodum
1607 2597 1663 2651 in
1683 2596 1880 2651 divinis
1912 2611 2001 2651 sa-

425 2690 536 2745 cris
572 2696 830 2753 sumunt,
863 2698 1047 2745 certus
1085 2705 1228 2757 sum,
1259 2689 1543 2754 conﬁteor,
1576 2687 1739 2743 credo
1765 2703 1887 2743 esse
1916 2703 2001 2741 re-

429 2796 555 2835 vera
606 2796 807 2850 corpus
852 2791 905 2837 et
948 2782 1265 2851 sanguinem
1316 2780 1531 2836 Domini
1582 2780 1709 2836 Jesu
1757 2770 1997 2845 Christi,

428 2880 791 2928 transmutata
836 2890 931 2945 per
977 2874 1217 2928 divinam
1260 2873 1407 2928 illius
1448 2873 1745 2943 potentiam
1790 2873 2001 2926 intelle-

428 2965 679 3019 ctualiter
724 2973 778 3020 et
817 2965 1165 3021 invisibiliter
1218 2982 1383 3035 super
1429 2981 1645 3021 omnem
1695 2967 1999 3023 naturalem

428 3057 834 3126 cogitationem,
862 3058 1318 3127 quemadmodum
1352 3058 1500 3112 solus
1530 3058 1645 3127 ipse
1674 3058 1861 3124 novit;
1892 3058 2000 3112 sic-

429 3163 535 3214 que
571 3162 671 3218 ego
709 3149 907 3204 horum
956 3150 1275 3219 participem
1316 3164 1403 3203 me
1449 3148 1567 3203 fore
1615 3150 1905 3211 assentior,
1940 3156 1999 3201 ut

426 3253 555 3293 vere
579 3255 646 3294 ac
667 3255 859 3310 reapse
887 3241 1069 3295 carnis
1098 3248 1152 3294 et
1182 3239 1464 3309 sanguinis
1507 3238 1675 3298 illius,
1704 3246 1757 3293 et
1790 3240 1843 3292 in
1874 3254 1995 3293 san-

429 3332 671 3389 ctitatem
702 3336 897 3387 animae
927 3342 981 3387 et
1010 3333 1279 3402 corporis,
1317 3333 1589 3401 vitamque
1616 3340 1895 3396 aeternam,
1939 3346 2002 3386 ac

429 3440 655 3495 regnum
706 3426 968 3480 cmlorum
1022 3432 1183 3493 atque
1244 3424 1615 3479 hereditatem
1666 3440 1853 3479 eorum
1908 3425 2001 3495 qui

430 3523 675 3581 sumunt,
708 3516 751 3570 si
785 3516 838 3568 in
877 3515 979 3570 ﬁde
1009 3516 1244 3585 perfecta
1275 3517 1700 3572 communicent.
1740 3516 2001 3571 Sanctum

430 3614 689 3676 praaterea
732 3605 934 3662 Christi
977 3607 1281 3677 baptisma,
1339 3624 1407 3663 ex
1468 3623 1606 3677 puro
1664 3608 2002 3678 candidoque

429 3699 614 3754 animo
660 3708 712 3754 et
755 3699 940 3764 corde,
995 3699 1206 3769 ﬁdeque
1256 3701 1468 3754 sincera
1510 3701 1756 3770 accipere
1797 3701 1998 3771 ﬂagito,

431 3791 591 3861 plene
622 3804 918 3859 persuasus
963 3790 1096 3844 illud
1128 3806 1252 3844 vere
1302 3804 1423 3844 esse
1476 3790 1852 3844 lustrationem
1883 3806 2001 3860 quae

430 3888 610 3934 mente
662 3879 996 3951 percipitur,
1051 3886 1105 3938 et
1169 3882 1632 3952 regenerationem
1692 3881 1885 3937 animae
1947 3888 2001 3934 et

431 3970 700 4042 corporis.

499 4226 585 4285 111.
621 4226 685 4281 Ει
712 4243 841 4283 vero
871 4230 1020 4283 cultu
1052 4230 1270 4299 dignam
1320 4244 1539 4285 crucem
1593 4227 1835 4298 ejusdem
1887 4228 1999 4285 veri

430 4322 633 4377 Christi
664 4320 864 4389 Deique
895 4322 1091 4387 nostri,
1141 4321 1288 4375 velut
1320 4337 1426 4375 non
1474 4322 1707 4391 amplius
1747 4319 1999 4373 interitus

431 4430 495 4471 ac
525 4415 797 4470 maledicti
826 4414 1273 4478 instrumentum,
1318 4413 1413 4469 sed
1460 4415 1729 4469 libertatis
1770 4416 1999 4484 vitatque

2100 566 2194 619 xui
2227 566 2350 619 Υἱὸν
2375 568 2467 619 xui
2499 566 2654 633 ἅγιον
2686 562 2936 633 Πνεῦμα,
2961 562 3059 633 τὴν
3080 563 3243 629 ἁγίαν
3270 564 3362 615 xui
3393 563 3682 633 ὁμοούσιον

2100 655 2192 706 xui
2238 653 2532 724 ἀχώριστον
2566 654 2789 723 Τριάδα.
2834 653 2943 705 Καὶ
2984 652 3083 723 τὴν
3128 653 3430 724 Ἐνσαρκον
3473 655 3683 706 οἰκονο-

2102 746 2249 815 μίαν,
2279 746 2370 797 xui
2408 744 2541 814 πρὸς
2582 742 2899 814 ἀνθρώπους
2933 743 3223 813 ἐπιδημίαν
3260 742 3535 813 ὁμολογῶν
3578 742 3678 795 τοῦ

2098 837 2194 906 τῆς
2235 836 2393 905 ἁγίας
2426 835 2650 906 Τριάδος
2692 836 2841 899 ἐνὸς,
2888 834 2981 887 τοῦ
3036 833 3352 904 μονογενοῦς
3400 834 3531 887 Υίοῦ
3584 837 3681 888 xui

2098 928 2270 997 Λόγου
2315 927 2409 980 τοῦ
2448 927 2603 991 Θεοῦ,
2640 927 2733 980 τοῦ
2776 930 2839 980 ἐκ
2884 928 3096 997 Πατρὸς
3142 925 3246 997 πρὸ
3299 927 3513 981 πάντων
3567 928 3679 981 τῶν

2098 1016 2306 1072 αἰώνων
2338 1019 2703 1091 γεννηθέντος,
2736 1018 2803 1072 δι’
2836 1011 2896 1073 οῦ
2929 1018 2997 1073 τὰ
3030 1018 3207 1073 πάντα
3244 1018 3479 1086 ἐγένετο,
3513 1019 3681 1072 αὑτὸν

2099 1110 2363 1182 ὑπάρχειν
2406 1112 2649 1168 πιστεύω.
2701 1112 2791 1164 τὸν
2847 1110 2995 1181 παρὰ
3046 1108 3141 1163 τοῦ
3197 1110 3361 1181 νόμου
3414 1112 3505 1163 καί
3558 1110 3672 1163 τῶν

2098 1199 2393 1272 προφητῶν
2426 1202 2873 1274 προκηρυχθέντα
2900 1204 3131 1256 Μεσίανο
3156 1202 3213 1254 ὃν
3247 1201 3341 1254 xui
3372 1201 3473 1271 ήδη
3501 1201 3679 1255 ἐλθεῖν

2100 1295 2190 1346 ἐπὶ
2219 1293 2321 1363 γῆς
2354 1293 2829 1366 πληροφοροῦμαι,
2869 1294 2955 1347 διὰ
2999 1294 3095 1365 τὴν
3136 1292 3403 1365 σωτηρίαν
3441 1293 3534 1346 τοῦ
3582 1296 3677 1347 ἀν-

2100 1382 2367 1455 θρωπίνου
2400 1387 2608 1453 γένους,
2657 1388 2751 1439 xui
2799 1386 3050 1455 γενέσθαι
3102 1384 3242 1439 κατά
3289 1385 3545 1455 ἀλήθειαν
3582 1387 3678 1440 άν-

2100 1476 2334 1548 θρωπον,
2368 1477 2441 1548 μὴ
2488 1478 2753 1532 ἐκστάντα
2797 1479 2895 1548 τῆς
2926 1478 3132 1541 οἰκείας
3164 1477 3434 1548 θεότητος,
3470 1480 3563 1531 xui
3594 1477 3674 1531 εἷ-

2100 1586 2191 1627 ναι,
2217 1570 2308 1623 τὸν
2352 1572 2512 1625 αὑτὸν
2545 1571 2675 1624 Θεὸν
2718 1570 2951 1641 ἀληθῶς,
2986 1571 3080 1624 xui
3121 1569 3406 1641 ἄνθρωπον
3440 1571 3674 1641 ἀληθῶς,

2100 1663 2436 1733 ἀσυγχύτως,
2455 1663 2740 1734 ἀτρέπτως
2771 1664 2866 1721 xui
2890 1663 3279 1728 ἁναλλοιώτως,
3305 1666 3363 1716 ἐν
3382 1662 3678 1715 ὑποστάσει

2104 1753 2200 1821 μιᾷ
2228 1753 2321 1804 xui
2344 1753 2465 1805 δυσὶ
2488 1752 2731 1821 φύσεσιν,
2761 1753 3021 1816 ἑκουσίως
3046 1771 3105 1805 τε
3137 1754 3312 1806 πάντα
3338 1752 3549 1815 παθεῖν,
3582 1751 3681 1803 xui

2103 1844 2477 1916 σταυρωθῆναι
2506 1848 2688 1916 σαρκὶ,
2709 1847 2808 1916 τῆς
2838 1846 3085 1915 θεότητος
3108 1844 3353 1908 ἀπαθοῦς
3391 1846 3676 1914 μεινάσης,

2105 1937 2198 1991 xui
2221 1936 2473 2005 ταφῆναι,
2499 1937 2591 1988 xui
2611 1938 2733 2007 τριή
2744 1952 2905 2007 μερον
2930 1936 3249 2006 ἀναστῆναι,
3274 1936 3366 1987 xui
3396 1936 3475 1998 εἰς
3508 1935 3678 2005 obpu-

2103 2031 2226 2092 νοῦς
2253 2029 2621 2103 ἀναληφθῆναι
2642 2068 2656 2091 ,
2688 2032 2779 2083 xui
2802 2028 2951 2099 ἥξειν
2978 2032 3036 2081 ἐν
3058 2028 3184 2103 δόξῃ
3214 2029 3471 2100 μέλλοντα
3496 2030 3678 2099 κρῖναι

2104 2119 2311 2184 ζῶντας
2350 2122 2441 2175 xui
2469 2121 2712 2192 νεκρούς
2755 2122 2847 2175 xui
2869 2121 2965 2193 τὴν
2999 2122 3137 2175 κατὰ
3168 2124 3344 2193 σάρκα
3374 2122 3563 2174 τοῦτον
3588 2139 3680 2173 τε-

2103 2210 2303 2263 κοῦσαν
2334 2211 2495 2278 ἁγίαν
2526 2211 2791 2282 παρθένον
2822 2211 3063 2281 Μαρίαν,
3100 2212 3193 2264 xui
3236 2212 3495 2281 μείνασαν
3533 2210 3672 2280 μετὰ

2102 2302 2257 2355 τόκον
2302 2302 2585 2374 παρθένον,
2637 2303 2841 2373 κυρίως
2897 2304 2991 2356 καὶ
3022 2302 3235 2373 ἀληθῶς
3269 2302 3531 2355 Θεοτὸκον
3585 2303 3679 2355 xui

2103 2401 2341 2455 πιστεύω
2381 2403 2476 2455 xui
2514 2401 2686 2471 λέγω,
2742 2403 2836 2455 xui
2866 2403 2941 2466 ὡς
2974 2402 3113 2455 κατά
3161 2402 3414 2473 ἀλήθειαν
3467 2401 3679 2471 μητέρα

2102 2494 2235 2547 Θεοῦ
2263 2494 2775 2566 ἐνανθρωπήσαντος
2807 2494 2900 2547 xui
2926 2494 3014 2547 διὰ
3047 2493 3203 2546 τοῦτο
3245 2494 3437 2563 κυρίαν
3469 2493 3563 2546 xui
3590 2492 3678 2545 δέν-

2105 2600 2326 2638 σποιναν
2360 2587 2417 2637 ἐν
2463 2584 2639 2654 χάριτι
2684 2581 3056 2652 γεγενημένην
3095 2582 3274 2651 πάσης
3311 2582 3410 2651 τῆς
3448 2581 3677 2643 κτίσεως

2102 2674 2391 2744 προσκυνῶ
2425 2675 2517 2727 xui
2541 2674 2705 2744 τιμῶ.
2739 2674 2848 2727 Καὶ
2880 2672 2970 2725 τὸν
3003 2672 3153 2744 παρὰ
3195 2673 3539 2743 Χριστιανοῖς
3574 2688 3679 2740 μυ⁴

2105 2767 2302 2830 στικῶς
2343 2766 2787 2839 ίερουργούμενον
2832 2764 2992 2836 ἄρτον
3034 2766 3127 2818 xui
3170 2763 3260 2816 τὸν
3300 2759 3470 2843 οἶνον,
3504 2762 3577 2825 ὡς
3616 2765 3675 2815 ἐν

2102 2863 2220 2923 ταῖς
2253 2860 2425 2924 θείαις
2456 2860 2697 2922 τελεταῖς
2730 2858 3229 2929 μεταλαμϐάνουσι,
3264 2856 3545 2927 πείθομαι,
3580 2855 3675 2907 xui

2101 2952 2366 3023 ὁμολογῶ,
2390 2953 2483 3005 xui
2507 2950 2765 3015 πιστεύω,
2786 2950 2943 3021 σῶμα
2969 2950 3063 3003 xui
3095 2944 3231 3021 αἷμα
3258 2949 3397 3002 κατὰ
3421 2948 3676 3018 ἀλήθειαν

2103 3042 2238 3099 εἶναι
2269 3046 2363 3099 τοῦ
2396 3046 2600 3116 Κυρίου
2641 3043 2814 3114 Ἰησοῦ
2847 3044 3104 3115 Χριστοῦ,
3138 3042 3578 3114 μεταϐαλλόμενα
3609 3044 3676 3112 τῇ

2104 3137 2310 3190 ἐκείνου
2344 3136 2494 3206 θεῐκῇ
2528 3136 2751 3205 δυνάμει
2797 3134 2996 3205 νοερῶς
3027 3152 3085 3187 τε
3129 3135 3222 3188 xui
3261 3133 3505 3204 ἀοράτως
3536 3134 3678 3203 ὑπὲρ

2104 3230 2282 3282 πᾶσαν
2324 3229 2555 3298 φυσικὴν
2598 3228 2825 3292 ἔννοιαν,
2877 3227 2951 3290 ὡς
2990 3222 3096 3279 οἵδε
3146 3226 3305 3297 μόνος
3350 3226 3545 3287 αὐτός’
3583 3224 3681 3277 xui

2101 3321 2244 3373 οὕτω
2299 3322 2453 3391 κάγὼ
2501 3319 2905 3391 μεταλήψεσθαι
2957 3319 3160 3371 τούτων
3215 3318 3551 3388 συντίθεμαι,
3601 3317 3679 3381 ὡς

2102 3412 2241 3464 κατά
2265 3410 2519 3482 ἀλήθειαν
2551 3410 2717 3472 ὅντως
2759 3409 2957 3479 σαρκός
2988 3425 3047 3462 τι.
3104 3408 3178 3460 ~ui
3211 3408 3438 3477 αἵματος
3487 3404 3677 3469 αὑτοῦ,

2103 3505 2195 3558 xui
2238 3506 2317 3567 εἰς
2352 3503 2624 3573 ἁγιασμὸν
2660 3502 2835 3571 ψυχῆς
2873 3519 2931 3554 τε
2974 3501 3066 3554 xui
3101 3504 3371 3573 σώματος,
3405 3499 3502 3553 xui
3533 3497 3681 3569 ζωὴν

2102 3592 2336 3657 αἰώνιον,
2383 3593 2476 3645 xui
2524 3591 2794 3663 βασιλείαν
2835 3589 3074 3661 οὐρανῶν
3117 3589 3477 3659 κληρονομίαν
3518 3605 3683 3658 μετα-

2102 3682 2545 3754 λαμϐανομένων,
2588 3684 2700 3745 τοῖς
2740 3681 2917 3733 αὐτῶν
2967 3681 3024 3731 ἐν
3071 3679 3252 3731 πίστει
3301 3678 3484 3749 τελείᾳ.
3519 3677 3681 3747 μετὲ-

2102 3794 2273 3847 χουσι.
2305 3776 2414 3829 Kui
2445 3776 2506 3829 τὸ
2538 3774 2689 3842 ἆγιον
2741 3773 2833 3826 τοῦ
2882 3771 3117 3843 Χριστοῦ
3172 3770 3485 3840 βάπτισμα,
3540 3770 3680 3838 μετά

2102 3870 2347 3939 καθαρᾶς
2380 3869 2472 3921 xui
2497 3867 2682 3921 ἀδόλου
2714 3866 2890 3937 ψυχῆς
2934 3864 3027 3918 xui
3060 3864 3306 3934 καρδίας,
3346 3863 3582 3925 πίστεως
3607 3863 3683 3913 εὶ-

2100 3958 2373 4032 λικρινοῦς
2400 3958 2642 4028 ἐπιζητῶ
2679 3957 2955 4025 δέξασθαι,
2998 3954 3510 4032 πληροφορούμενος
3548 3953 3682 4022 ἀλη-

2102 4052 2209 4115 θῶς
2256 4051 2518 4122 κάθαρσιν
2567 4049 2697 4103 αὐτὸ
2749 4048 2943 4119 νοητὴν
2997 4043 3154 4111 εἶναι,
3186 4048 3278 4098 xui
3322 4046 3680 4115 άναγέννησιν

2100 4145 2274 4217 ψυχῆς
2306 4161 2363 4196 τε
2393 4144 2486 4196 xui
2511 4141 2778 4213 σώματος.

2172 4237 2280 4289 Καὶ
2311 4235 2401 4288 τὸν
2431 4234 2720 4305 σεϐάσμιον
2752 4232 2807 4286 δὲ
2834 4231 3066 4304 σταυρὸν
3103 4230 3197 4283 τοῦ
3228 4230 3391 4284 αὑτοῦ
3421 4228 3677 4299 ἀληθινοῦ

2102 4326 2334 4400 Χριστοῦ
2369 4326 2462 4379 xui
2485 4326 2619 4379 Θεοῦ
2651 4324 2808 4396 ήμῶν
2840 4324 2914 4387 ώς
2946 4326 3046 4377 οὐκ
3080 4322 3157 4375 ἔτι
3184 4320 3388 4391 φθορᾶς
3415 4321 3507 4374 xui
3537 4320 3680 4391 ἀρᾶς

2101 4418 2347 4489 ὄργανον,
2383 4414 2495 4470 ἀλλ’
2530 4414 2843 4486 ἐλευθερίας
2876 4415 2970 4467 xui
3003 4413 3146 4485 ζωῆς
3188 4412 3428 4476 αἰωνίου,
3454 4410 3548 4466 xui
3577 4428 3678 4479 ση-

430 4515 723 4577 perpetuae,
753 4507 1074 4577 signumque
1111 4507 1353 4560 victoriae
1394 4507 1654 4564 adversus
1686 4516 1914 4562 mortem
1944 4515 1997 4563 et

2106 4515 2254 4582 μεῖον
2285 4510 2384 4579 τῆς
2418 4508 2557 4565 κατὰ
2581 4507 2674 4561 τοῦ
2706 4508 2935 4561 θανάτου
2974 4509 3068 4560 xui
3098 4506 3191 4559 τοῦ
3216 4505 3460 4559 διαϐόλου
3492 4506 3675 4573 νίκης·

431 4598 708 4653 diabolum
738 4609 936 4669 parta};
971 4608 1133 4670 atque
1161 4599 1339 4653 adhuc
1368 4599 1706 4654 venerandas
1737 4600 1999 4670 imagines

430 4699 547 4745 tum
588 4692 887 4760 praesentia:
929 4690 1022 4746 Dei
1070 4690 1229 4749 Verbi
1268 4692 1567 4747 secundum
1608 4707 1825 4747 carnem
1858 4693 1999 4746 inter

431 4781 700 4845 homines,
750 4790 863 4835 tum
913 4784 1217 4852 purissima:
1260 4785 1484 4854 virginis
1516 4782 1606 4838 Dei
1659 4783 1846 4837 Matris
1880 4798 2000 4853 quae

431 4871 775 4928 ineﬁ‘abiliter
804 4889 925 4927 eum
958 4876 1163 4946 genuit,
1188 4884 1299 4928 tum
1322 4876 1629 4929 divinorum
1660 4876 1996 4944 angelorum,

431 4970 547 5018 tum
579 4963 810 5033 denique
840 4974 1153 5020 sanctorum
1189 4965 1428 5020 omnium
1450 5009 1464 5032 ,
1500 4966 1733 5035 recipio,
1768 4966 1997 5032 honoro,

431 5052 730 5123 amplector
776 5055 924 5110 velut
970 5056 1213 5125 symbola
1250 5064 1305 5111 et
1347 5054 1549 5111 indicia
1590 5065 1999 5127 prototyporum

427 5160 528 5199 seu
577 5146 1005 5216 exemplarium:
1042 5147 1189 5216 ipsos
1243 5154 1424 5202 autem
1490 5163 1677 5203 sacros
1741 5150 1995 5219 angelos,

431 5252 731 5306 omnesque
762 5247 999 5299 sanctos,
1024 5254 1132 5291 non
1159 5238 1335 5293 solum
1368 5238 1621 5307 antiquos
1663 5246 1843 5307 patres
1875 5256 1997 5293 cum

431 5329 727 5401 prophetis,
761 5329 854 5385 sed
884 5338 936 5383 et
962 5332 1236 5400 apostolos
1256 5370 1271 5394 ,
1304 5337 1573 5400 martyres
1594 5371 1606 5395 ,
1632 5329 1995 5397 confessores,

431 5421 713 5484 doctores,
765 5428 1017 5485 sanctos,
1068 5422 1194 5475 item
1238 5436 1427 5476 omnes
1476 5422 1698 5478 omnino
1747 5424 1839 5492 qui
1885 5424 1998 5492 jam

433 5523 553 5567 orto
597 5512 817 5568 Christo
856 5515 1208 5585 placuerunt,
1245 5521 1502 5584 tanquam
1537 5515 1680 5570 illius
1714 5532 1900 5572 servos
1935 5533 1998 5571 ac

436 5602 621 5658 ﬁdeles
652 5604 886 5659 famulos
918 5607 1146 5670 honoro,
1191 5622 1442 5671 veneror,
1488 5621 1708 5679 propter
1737 5612 1998 5665 honorem

434 5698 511 5752 illi
542 5698 806 5756 debitum.
842 5700 906 5753 Et
948 5702 1022 5754 ita
1070 5718 1135 5756 ex
1176 5710 1288 5755 toto
1328 5704 1511 5757 animo
1540 5711 1591 5757 et
1618 5704 1810 5769 corde,
1840 5721 1997 5759 vero-

433 5805 538 5862 que
570 5792 851 5864 proposito
879 5792 1035 5847 venio
1068 5793 1131 5846 ad
1160 5792 1313 5848 ﬁdem
1347 5796 1804 5850 Christianorum.
1841 5794 1997 5861 Quod

2101 4601 2179 4653 ἔτι
2201 4601 2259 4653 δὲ
2288 4602 2383 4653 xui
2410 4601 2508 4664 τὰς
2544 4600 2869 4671 σεϐασμίους
2892 4600 3100 4662 εἰκόνας
3127 4598 3227 4668 τῆς
3247 4616 3303 4650 τε
3334 4596 3474 4650 κατά
3500 4597 3681 4665 σάρκα

2102 4692 2234 4763 πρὸς
2260 4691 2573 4764 ἀνθρώπους
2606 4692 2922 4759 ἐπιφανείας
2949 4692 3040 4745 τοῦ
3070 4692 3202 4745 Θεοῦ
3232 4691 3424 4759 Λόγου,
3456 4690 3549 4742 xui
3580 4691 3680 4759 τῆς

2100 4787 2389 4858 ἀφράστως
2414 4786 2572 4838 αὑτὸν
2596 4784 2858 4855 τεκούσης
2899 4785 3068 4855 ἁγνῆς
3112 4783 3379 4855 παρθένου
3418 4784 3512 4837 xui
3544 4782 3679 4834 Θεο-

2105 4879 2353 4950 μήτορος,
2377 4878 2470 4929 xui
2506 4875 2613 4928 τῶν
2647 4875 2892 4927 θεοειδῶν
2926 4875 3192 4943 ἀγγέλων,
3232 4876 3324 4927 xui
3368 4876 3481 4926 τῶν
3508 4873 3682 4941 ἁγίων

2102 4971 2372 5032 ἁπάντων,
2407 4969 2481 5031 ώς
2516 4967 2754 5039 σύμϐολα
2782 4968 2888 5020 τῶν
2923 4966 3293 5038 πρωτοτύπων
3329 4966 3421 5019 xui
3451 4966 3680 5035 δέχομαι

2102 5060 2194 5118 καὶ
2224 5059 2365 5130 τιμῶ
2398 5059 2491 5113 xui
2518 5058 2847 5128 ἀσπάζομαι·
2895 5058 2987 5111 xui
3022 5058 3215 5121 αὐτοὺς
3254 5057 3310 5110 δὲ
3338 5057 3464 5119 τοὺς
3498 5057 3680 5126 ἰεροπ

2100 5151 2360 5218 ἀγγέλους
2393 5150 2485 5201 xui
2509 5150 2634 5212 τοὺς
2668 5149 2853 5216 ἁγίους
2881 5148 3147 5211 ἅπαντας,
3173 5150 3231 5201 ού
3261 5148 3419 5218 μόνον
3456 5150 3676 5220 προπά-

2099 5260 2261 5314 τορας
2292 5244 2384 5295 xui
2418 5244 2721 5313 προφήτας,
2757 5239 2890 5293 ἁλλά
2918 5241 3013 5294 xui
3049 5240 3383 5304 ἀποστόλους
3412 5244 3506 5297 xui
3536 5244 3679 5312 μὰρο

2099 5353 2265 5407 τυρας
2316 5336 2408 5387 xui
2451 5333 2786 5405 ὁμολογητὰς
2827 5334 2922 5387 xui
2964 5333 3310 5396 διδασκάλους
3355 5334 3446 5389 xui
3492 5333 3676 5398 ὁσίους

2102 5428 2193 5480 xui
2228 5428 2431 5489 πάντας
2460 5425 2645 5489 ἁπλῶς
2675 5426 2801 5488 τοὺς
2838 5425 2914 5495 τῷ
2946 5426 3046 5496 ἤδη
3093 5426 3295 5478 ἐλθόντι
3324 5425 3543 5496 Χριστῷ
3584 5427 3674 5477 εὐ-

2100 5518 2527 5588 αρεστήσαντας,
2552 5517 2625 5580 ὡς
2648 5516 2866 5580 δούλους
2891 5518 3100 5570 ἐκείνου
3135 5518 3228 5569 xui
3256 5518 3478 5579 πιστοὺς
3510 5516 3675 5586 θερά-

2100 5624 2296 5670 ποντας
2332 5608 2474 5678 τιμῶ
2507 5610 2599 5660 xui
2633 5608 2858 5678 σέϐομαι
2879 5648 2892 5671 ,
2922 5607 3009 5659 διὰ
3049 5607 3147 5678 τὴν
3184 5608 3318 5678 πρὸς
3353 5610 3558 5660 ἐκεῖνον
3583 5623 3671 5657 τι-

2103 5703 2227 5773 μήν.
2277 5701 2387 5754 Καὶ
2437 5700 2609 5763 οῦτως
2652 5686 2712 5764 ἕξ
2756 5700 2885 5769 ὅλης
2932 5699 3108 5769 ψυχῆς
3152 5700 3246 5753 xui
3299 5700 3520 5771 καρδίας
3575 5700 3672 5753 xui

2102 5793 2468 5867 προαιρέσεως
2509 5791 2759 5865 ἀληθοῦς,
2809 5791 3176 5865 προσέρχομαι
3221 5795 3285 5863 τῇ
3334 5793 3509 5844 πίστει
3559 5790 3670 5847 τῶν
