4036 6252
426 305 559 361 “Gl

1522 301 2098 360 RECOGNITIONES.
2133 335 2198 343 -α
2229 305 2592 363 ΛΡΡΕΝΒΙΧ.

3556 318 3694 374 “62

424 420 783 496 Χριστιανῶν,
820 421 882 475 Εἰ
913 422 969 475 δὲ
1004 417 1122 491 μεθ’
1155 417 1493 490 ὑποκρίσεως
1527 418 1620 471 καὶ
1641 418 1793 471 δόλου
1834 418 1973 472 ταῦτ

2075 470 2082 492 ,
2112 421 2158 475 si
2191 436 2287 491 per
2314 421 2718 477 simulationem
2747 434 2799 478 et
2834 424 3018 480 dolum
3054 428 3156 482 ista
3187 427 3311 484 dico
3330 470 3344 493 ,
3373 448 3480 487 non
3509 447 3691 492 autem

424 533 586 588 φημι,
613 515 706 568 καὶ
732 515 834 568 οὐκ
853 516 918 566 ἐκ
951 512 1186 574 πίστεως
1218 509 1482 581 ὀλοψύχου
1528 510 1621 562 καὶ
1655 511 1882 582 καρδίας
1911 511 2002 564 τὸν

420 610 521 682 ήδη
551 608 772 662 ἐλθόντα
802 605 1036 676 Χριστὸν
1068 602 1390 673 ἀγαπώσης,
1421 603 1553 655 ἀλλὰ
1585 602 1673 656 διά
1703 621 1824 657 τινα
1859 604 2000 675 βίαν,

419 703 454 775 ἢ
484 703 746 772 ἀνάγκην,
844 699 1026 768 φόϐον,
1132 700 1417 768 ἐπήρειαν,
1446 697 1478 768 ἢ
1504 697 1717 761 πενίαν,
1745 698 1778 769 ἢ
1820 697 1999 769 χρέος,

418 793 738 866 ἢέγκλημα
776 792 896 846 κατ’
936 789 1068 860 ἐμοῦ
1117 789 1460 860 κινούμενον,
1495 788 1529 858 ἢ
1575 787 1662 841 διὰ
1707 787 1871 859 τιμὴν
1911 804 2001 840 κο-

420 884 640 956 σμικὴν,
667 885 699 954 ἢ
735 882 1051 954 εὐεργεσίας
1075 880 1249 945 τινὰς,
1275 881 1312 952 ἢ·
1330 880 1606 951 χρήματα,
1636 879 1668 950 ἢ
1704 879 2000 950 πράγματα

417 977 568 1047 παρά
617 993 761 1040 τινος
809 974 1234 1045 ὑπισχνούμενα,
1279 973 1313 1044 ἢ
1354 973 1490 1037 ὅλως
1544 971 1630 1024 διὰ
1682 970 2000 1041 οἱανδήποτε

415 1063 701 1135 ὠφέλειαν,
745 1064 779 1135 ἢ
827 1062 1162 1135 προστασίαν
1206 1061 1592 1134 ἀνθρωπίνην,
1640 1059 1674 1128 ἥ
1707 1059 1776 1113 δι’
1811 1058 1926 1130 ἔριν
1965 1059 1998 1130 ἢ

415 1153 749 1226 φιλονεικίαν
807 1154 945 1226 πρός
993 1170 1143 1217 τινας
1190 1153 1490 1224 γενομένην
1535 1151 1646 1206 τῶν
1690 1151 2000 1224 ὁμοπίστων

414 1247 569 1316 ἐμοῦ,
604 1245 639 1317 ἢ
661 1245 735 1308 ὡς
770 1244 1086 1315 βουλόμενος
1119 1242 1367 1297 ἐντεῦθεν
1392 1241 1700 1314 ἀμύνασθαι
1733 1244 1996 1314 Χριστιαο·

413 1342 536 1404 νοὺς
566 1339 640 1403 ὡς
674 1338 917 1410 ζηλωτὴς
949 1338 1108 1408 δῆθεν
1138 1337 1232 1392 τοῦ
1257 1338 1446 1408 νόμον,
1476 1337 1509 1407 ἦ
1540 1337 1634 1390 καὶ
1665 1339 1796 1406 παρ’
1817 1335 1997 1390 αὐτῶν

2107 528 2174 566 ex
2228 513 2342 567 lide-
2376 514 2544 569 totius
2577 517 2744 569 animi
2777 523 2932 578 teste,
2972 527 3025 572 et
3068 521 3233 577 corde
3271 523 3551 580 Christum
3595 529 3690 598 qui

2101 601 2214 671 jam
2267 602 2488 658 advenit
2538 604 2830 675 diligente;
2877 624 3064 663 verum
3119 622 3342 684 propter
3395 618 3690 686 quamdam

2105 693 2236 758 vim,
2268 696 2674 760 necessitatem,
2700 706 2924 762 metum,
2959 700 3214 756 damnum
3236 745 3250 769 ,
3285 716 3686 777 paupertatem,

2104 781 2370 849 debitum,
2399 789 2806 844 accusationem
2832 792 3097 849 adversus
3130 811 3215 849 me
3259 808 3483 862 motam,
3511 817 3686 857 saecu-

2104 875 2273 932 larem
2303 879 2646 949 dignitatem,
2677 881 2940 937 benelicia
2971 885 3216 954 quazdam
3239 927 3253 949 ,
3283 890 3564 958 pecunias,
3599 909 3689 949 res

2103 983 2136 1022 a
2165 984 2440 1040 quoquam
2485 973 2824 1040 promissas;
2871 983 2966 1028 aut
3008 977 3169 1045 plane
3211 980 3504 1048 cujuslibet
3538 986 3690 1039 utili-

2102 1061 2233 1116 tatis
2259 1077 2413 1134 ergo,
2446 1063 2532 1118 vel
2573 1063 2801 1120 humani
2842 1069 3100 1136 praesidii,
3132 1071 3217 1125 vel
3247 1072 3459 1128 dissidii
3494 1091 3684 1141 causa,

2101 1156 2187 1210 vel
2219 1157 2586 1214 contentionis
2619 1174 2742 1214 cum
2775 1163 3054 1218 nonnullis
3104 1162 3228 1220 ﬁdei
3274 1183 3410 1222 mere
3448 1169 3686 1227 homini-

2100 1245 2225 1312 bus,
2251 1255 2344 1302 aut
2371 1250 2531 1319 quasi
2555 1251 2744 1306 volens
2767 1251 2898 1306 hinc
2928 1255 3189 1311 ultionem
3218 1272 3414 1328 capere
3436 1261 3503 1316 de
3524 1262 3687 1318 Chri-

2100 1339 2332 1404 stianis,
2377 1350 2638 1413 tanquam
2683 1344 2937 1401 videlicet
3015 1346 3153 1418 legis
3199 1351 3525 1417 a3mulalor,
3570 1357 3686 1412 sive

412 1432 704 1503 ἀδικηθεὶς,
734 1431 860 1502 ἄρτι
894 1431 991 1503 μὲν
1025 1431 1429 1502 σχηματίξομαι
1461 1429 1707 1498 γίνεσθαι
1740 1431 1973 1499 Χριστια-

2098 1439 2152 1486 et
2193 1432 2262 1485 ab
2306 1432 2440 1502 ipsis
2493 1419 2756 1502 injuriani
2794 1449 3025 1504 passus,
3071 1453 3217 1492 nunc
3265 1440 3482 1509 quidem
3539 1445 3685 1517 ﬁngo

411 1521 520 1586 νδς,
547 1521 771 1593 ὕστερον
817 1520 874 1574 δὲ
919 1519 1131 1591 θελήσω
1181 1520 1520 1592 ἀρνήσασθαι
1545 1560 1559 1582 ,
1595 1520 1690 1573 καὶ
1730 1519 1866 1590 πρὸς
1896 1519 1973 1591 ei?

2098 1521 2442 1578 Christianus
2495 1524 2634 1589 ﬁeri,
2682 1528 2909 1596 posthac
2956 1537 3136 1582 autem
3184 1546 3384 1606 negare
3433 1536 3680 1606 voluero,

424 1602 724 1683 Ἰουδαῖκὴν
769 1610 1107 1682 ὑποστρέψαι
1139 1610 1302 1664 πάλιν
1335 1610 1670 1682 θρησκείαν,
1713 1608 1746 1679 ἢ
1788 1608 1973 1680 εὑρεθι]

2097 1611 2404 1683 iterumque
2433 1613 2501 1668 ad
2527 1611 2814 1671 Judaicam
2859 1619 3179 1688 religionem
3212 1603 3435 1688 reverti,
3467 1627 3548 1682 vel
3596 1602 3682 1683 in;

412 1701 702 1756 συνεσθίων
733 1704 846 1764 τοῖς
893 1701 1188 1764 Ἰουδαίοις,
1226 1702 1259 1773 ἢ
1308 1700 1702 1772 συνεορτάςων,
1732 1700 1770 1770 ἢ
1802 1716 1973 1771 com,-

2097 1708 2294 1758 ventus
2342 1701 2499 1758 fuero
2548 1721 2654 1759 una
2709 1721 2833 1761 cum
2881 1705 3088 1765 Judzeis
3137 1712 3491 1782 manducare,
3541 1716 3679 1774 festa

410 1793 635 1859 στεύων,
666 1795 698 1866 ἢ
726 1795 1027 1867 συνομιλῶν
1055 1796 1236 1859 αὐτοῖς
1256 1794 1452 1867 λάθρα,
1481 1796 1576 1849 καὶ
1610 1795 1699 1847 τὸν
1733 1796 1973 1865 Χριστια-

2096 1809 2375 1864 peragere,
2408 1796 2860 1865 jejunum-etclam
2904 1814 3030 1854 cum
3076 1801 3183 1856 illis
3217 1780 3484 1876 colloqui,
3513 1806 3676 1862 Chri~

405 1885 596 1956 νισμὸν
631 1887 960 1953 διαϐάλλων,
1003 1887 1036 1958 ἢ
1082 1888 1220 1959 πρὸς
1263 1886 1362 1950 τὰς
1404 1886 1727 1956 συναγωγὰς
1771 1887 1864 1942 καὶ
1895 1886 1973 1940 τὰς

2096 1887 2443 1958 stianamque
2469 1888 2629 1944 ﬁdem
2659 1889 2927 1946 infamare
2946 1933 2960 1955 ,
2999 1901 3096 1947 aut
3125 1895 3192 1949 ad
3221 1911 3406 1951 eorum
3439 1915 3677 1971 synago-

408 1977 714 2049 προσευχὰς
745 1977 923 2032 αὐτῶν
949 1978 1143 2044 ἀπιὼν,
1177 1979 1270 2032 καὶ
1310 1979 1551 2033 ἀνανεῶν
1571 1978 1642 2048 ,ἢ
1677 1977 1973 2050 περιποιού·

2094 1990 2190 2046 gas
2224 1984 2278 2032 et
2308 1978 2643 2047 proseuchas
2680 1979 2959 2049 proﬁcisci
2986 2022 3000 2047 ,
3045 1997 3207 2039 easve
3239 1984 3549 2044 instaurare
3576 2005 3673 2045 seu

411 2087 571 2140 μενος
589 2069 810 2134 ταύτας,
839 2071 932 2124 καὶ
969 2072 1088 2142 οὐχ).
1125 2070 1322 2142 μᾶλλον
1353 2069 1602 2140 φανερῶς
1633 2069 1841 2140 ἐλέγχω
1869 2069 1960 2122 τού
1985 2105 1991 2109 -

404 2178 549 2225 τους,
584 2160 682 2225 τὰς
727 2161 931 2214 τούτων
977 2163 1236 2234 πράξεις,
1273 2161 1366 2215 καὶ
1411 2159 1588 2216 ἀθετῶ
1629 2159 1727 2230 τὴν
1757 2159 1988 2230 ματαίαν

404 2255 585 2308 πίστιν
607 2253 802 2308 αὐτῶν·
821 2252 915 2306 νῦν
927 2253 1337 2326 μὲνὲλθοιεν-ἐπ’
1359 2253 1462 2324 ἐμὲ
1483 2254 1652 2308 πᾶσαι
1676 2253 1729 2303 αἱ
1753 2251 1986 2323 κατᾶραι

401 2347 470 2411 ἀς
494 2349 552 2400 ἐν
583 2347 661 2417 τῷ
686 2346 1087 2418 Δευτερονομίῳ
1113 2346 1318 2416 Μωσῆς
1355 2345 1580 2417 ἔγραψε,
1604 2343 1699 2397 καὶ
1723 2345 1750 2397 ὁ
1779 2343 1980 2415 τρόμος

400 2439 494 2492 τοῦ
525 2440 684 2500 me,
715 2440 808 2492 καὶ
841 2443 872 2511 ἡ
905 2439 1081 2506 λέπρα
1107 2437 1203 2490 τοῦ
1236 2437 1420 2507 Γιειζῆ,
1449 2437 1586 2508 πρὸς
1618 2435 1696 2506 τῷ
1729 2436 1823 2488 καὶ
1859 2439 1978 2499 ταῖς

402 2532 612 2592 ποιναῖς
657 2527 765 2581 τῶν
812 2528 1108 2581 πολιτικῶν
1141 2528 1324 2599 νόμων
1377 2525 1516 2580 εἶναι
1569 2544 1635 2598 με
1685 2525 1979 2580 ὑπεύθυνον

400 2621 810 2692 ἀπαραιτήτως,
859 2619 998 2673 κατά
1031 2620 1085 2672 δὲ
1124 2621 1217 2672 τὸν
1254 2619 1516 2690 μέλλοντα
1562 2617 1730 2670 αἰῶνα
1765 2617 1850 2687 εἴη
1890 2634 1978 2687 μοι

399 2713 644 2784 ἀνάθεμα
663 2715 756 2766 καὶ
777 2712 1079 2784 κατάθεμα,
1115 2713 1207 2764 καὶ
1229 2713 1263 2783 ή
1283 2712 1428 2783 ψυχή
1460 2729 1561 2782 μου
1593 2710 1814 2781 ταχθείη
1841 2710 1977 2779 μετά

399 2804 492 2857 τοῦ
520 2807 732 2860 Σατανᾶ
763 2807 855 2860 καὶ
879 2806 987 2859 τῶν
1011 2805 1298 2877 δαιμόνων.

2091 2069 2294 2123 tutari:
2326 2077 2380 2124 et
2422 2085 2532 2125 non
2566 2071 2744 2140 potius
2775 2072 3066 2138 praedictos
3108 2073 3325 2131 Judzeos
3372 2095 3673 2152 eorumque

2091 2165 2247 2211 actus
2295 2157 2472 2227 palam
2506 2159 2874 2229 reprehendo,
2900 2178 3209 2235 vanamque
3239 2167 3457 2224 illorum
3508 2172 3672 2229 ﬁdem

2091 2248 2341 2318 improbo
2375 2266 2387 2299 :
2417 2265 2566 2304 nunc
2597 2252 2817 2320 quidem
2865 2255 3087 2310 veniant
3140 2273 3306 2328 super
3348 2275 3437 2316 me
3477 2277 3668 2320 onmes

2087 2340 2220 2396 dira:
2247 2357 2385 2412 quas
2439 2344 2494 2396 in
2548 2345 2966 2400 Deuteronomio
3018 2347 3198 2405 Moses
3248 2353 3503 2423 scripsit,
3537 2355 3670 2411 item

2086 2441 2290 2490 tremor
2319 2434 2515 2501 Caini,
2555 2445 2608 2508 et
2656 2438 2808 2509 lepra
2858 2438 3062 2499 Giezis.
3107 2443 3440 2516 insuperque
3487 2449 3666 2516 pmnis

2084 2545 2222 2598 quas
2254 2533 2396 2599 leges
2436 2531 2624 2587 civiles
2659 2533 2982 2598 decernunt,
3019 2535 3122 2590 sim
3165 2537 3372 2609 absque
3417 2541 3525 2596 ulla
3569 2559 3666 2613 spe

2086 2623 2254 2678 venia:
2283 2624 2588 2689 obnoxius;
2621 2625 2676 2678 in
2711 2624 2894 2680 futuro
2949 2635 3130 2682 autem
3178 2633 3380 2686 saeculo
3421 2633 3492 2688 sit
3530 2635 3669 2690 mihi

2083 2714 2372 2768 anathema
2401 2722 2455 2769 et
2495 2716 2837 2777 catathema.
2869 2719 3159 2790 animaque
3202 2737 3321 2778 mea
3365 2726 3664 2782 collocetur

2083 2821 2206 2859 cum
2242 2804 2444 2860 Satana
2473 2815 2526 2861 et
2555 2805 2915 2863 daemonibus.

1387 2965 1478 3020 Ill.
1514 2965 1598 3019 Ad
1631 2965 1725 3022 lib.
1759 2981 1832 3030 Iv,
1864 2981 1980 3034 cap.
2007 2963 2079 3017 27
2108 2965 2192 3035 (e1:
2217 2963 2395 3019 eodem
2429 2963 2647 3034 codice).

409 3125 614 3208 Ὅπως.
633 3122 746 3192 χρὴ
792 3087 1228 3208 (ξὶαθεμρτέζειν
1255 3121 1555 3208 ἐγγράφως
1591 3121 1704 3208 τὴς⁸
1735 3121 1970 3201 αἵρεσις

2075 3119 2189 3202 Qua
2218 3121 2370 3173 modo
2391 3121 2630 3202 llwrcsim
2653 3125 3039 3208 suauis‘criplis
3071 3135 3308 3208 oporteat
3343 3129 3655 3208 anathema-

464 3194 661 3272 αὐτῶν
675 3233 688 3258 ,
707 3193 880 3272 *τᾳνς
897 3194 1030 3272 εὰπὸ
1047 3266 1066 3272 Δ
1079 3193 1442 3272 Μανίχαίων.
1473 3193 1851 3272 προσιόντας.
1863 3193 1967 3272 -τῇ

462 3263 600 3332 άγίᾳ
629 3263 734 3317 τοῦ
778 3262 925 3317 Θεοῦ
957 3262 1245 3331 καθολικῇ
1285 3262 1382 3316 καὶ
1412 3262 1788 3330 ἀποστολικῇ
1838 3262 1968 3315 Ἐκ-

465 3335 714 3402 κλησίᾳ.

418 3511 434 3525 I
475 3445 878 3518 ’Λναθεματίζω
921 3447 1173 3501 Μάνεντα
1223 3445 1315 3498 τὸν
1379 3446 1472 3497 καὶ
1522 3444 1822 3513 Μανιχαῖον
1875 3445 1969 3496 καὶ

390 3537 715 3610 Κούὸρικον,
749 3539 808 3602 ὃς
841 3537 1135 3609 ἐτόλμησεν
1167 3536 1357 3592 ἑαυτὸν
1389 3533 1741 3604 Παράκλητον
1772 3531 1969 3601 ὀνομά-

391 3627 524 3693 ζειν,
558 3631 652 3683 καὶ
697 3627 1021 3698 Ἀπόστολονι
1045 3627 1216 3697 Ἰησοῦ
1251 3624 1508 3697 Χριστοῦ.
1560 3620 1966 3692 Ἀναθεματίζω

389 3719 700 3783 Σκυθιανὸν,
734 3720 840 3776 καὶ,
861 3719 1180 3791 Τερέϐινθον
1211 3718 1304 3770 τὸν
1337 3718 1430 3771 καὶ
1463 3715 1669 3768 Κουδιῖν
1691 3713 1820 3784 (71),
1841 3712 1966 3776 τοὺς

386 3809 664 3875 Μάνεντος
712 3809 1089 3874 διδασκάλους.
1151 3806 1560 3879 Ἀναθεματίζω
1605 3804 1872 3875 Ζαράδην,
1906 3802 1965 3854 ὃν

387 3904 417 3956 ὁ
447 3904 639 3974 Μάνης
671 3903 789 3957 θεὸν
822 3903 971 3973 ἔλεγε
1006 3903 1112 3975 πρὸ
1157 3901 1322 3955 αὑτοῦ
1357 3899 1589 3969 φανέντα
1622 3896 1750 3968 παρ’
1785 3895 1964 3958 Ἰνδοῖς

388 3996 482 4049 καὶ
515 3995 770 4067 Πέρσαις,
806 3997 901 4050 καὶ
934 3995 1121 4049 Ἥλιον
1153 3992 1414 4047 ἀπεκάλει
1438 4009 1451 4020 -
1475 3992 1571 4044 σὺν
1603 3987 1749 4058 αὐτῷ
1781 3988 1835 4040 δὲ
1869 3987 1964 4040 καὶ

386 4087 486 4151 τὰς
519 4088 842 4159 Ζαραδείους
873 4086 1278 4159 ὀνομαζομένας
1329 4085 1512 4155 εὐχάς.
1561 4079 1964 4168 ςΑναθεματίζω

385 4179 594 4242 πάντας
625 4177 720 4242 οὓς
758 4179 786 4231 ό
817 4178 1010 4248 Μάνης
1041 4174 1311 4230 ἀνέπλασε
1355 4173 1540 4236 θεούς·
1578 4173 1695 4244 ἦτοι
1727 4171 1818 4224 τὸν
1868 4185 1960 4220 τε-

383 4271 780 4344 τραπρόσωπον
815 4268 1030 4340 πατέρα
1053 4266 1147 4321 τοῦ
1185 4265 1464 4339 μεγέθους,
1500 4265 1594 4319 καὶ
1623 4263 1714 4316 τὸν
1745 4261 1963 4332 λεγόμε-

384 4380 473 4416 νον
504 4361 720 4433 πρῶτον
765 4361 1072 4430 ἄνθρωπον,
1120 4357 1337 4414 καὶτὸν
1367 4355 1816 4426 Στεφανηφόρον,
1866 4353 1961 4406 καὶ

381 4454 472 4508 τὸν
503 4451 896 4524 ὀνομαζόμενον
929 4449 1204 4522 Παρθένον
1233 4448 1328 4502 τοῦ
1362 4447 1673 4518 φωτὸς,,κα“ι
1703 4447 1795 4498 τὸν
1827 4461 1960 4514 φεγ-

2148 3191 2316 3261 lizat'e
2345 3207 2430 3245 eos
2473 3193 2562 3261 qui
2604 3207 2633 3245 ε
2663 3189 2979 3248 Munia/imis
3021 3189 3277 3250 accedunt
3306 3198 3375 3251 ad
3408 3211 3654 3256 sanctam

2145 3260 2243 3315 Dei
2269 3260 2584 3315 catholicam
2608 3271 2660 3316 et
2682 3265 3027 3330 apostolicam
3063 3265 3376 3324 Ecclesiam.

2139 3439 2180 3494 l.
2221 3441 2580 3498 Anathemate
2626 3442 2762 3499 ferio
2812 3443 3115 3511 Manetcm,
3151 3464 3246 3502 seu
3296 3448 3652 3509 Manichaeum

2069 3539 2123 3586 et
2151 3531 2472 3598 Cubricum,
2507 3534 2599 3604 qui
2627 3551 2686 3590 se
2708 3552 2877 3593 ausus
2907 3545 2990 3592 est
3022 3537 3366 3596 Paraeletum
3401 3553 3454 3598 et
3501 3542 3651 3615 Apo-

2068 3622 2270 3676 stolum
2299 3622 2432 3677 Jesu
2461 3622 2668 3679 Christi
2721 3627 3018 3696 appellare.
3069 3628 3486 3689 Anathematizo
3517 3635 3653 3708 Scy-

2067 3713 2314 3769 thianum
2361 3731 2424 3770 ac
2467 3715 2860 3772 Terebinthum
2915 3721 3101 3789 quiet
3157 3721 3359 3790 Budas,
3413 3726 3649 3786 Manetis

2067 3815 2445 3876 praeceptores.
2488 3807 2907 3865 Anathematizo
2938 3811 3200 3869 Zaradem
3221 3855 3236 3879 ,
3268 3832 3427 3886 quem
3460 3818 3651 3876 Manes

2073 3898 2236 3955 deum
2267 3901 2404 3955 dixlt
2431 3908 2557 3954 ante
2585 3917 2644 3957 se
2679 3906 3004 3974 apparuisse
3035 3907 3179 3978 apud
3211 3909 3372 3965 Indos
3419 3919 3474 3965 et
3516 3911 3644 3969 Per-

2064 4005 2178 4057 sas,
2201 4007 2472 4063 quemque
2496 3993 2678 4048 Solem
2709 3995 2922 4051 vocavit
2953 4012 2974 4050 ι,
3003 4013 3128 4052 cum
3151 3999 3243 4054 illo
3270 4012 3451 4058 autem
3477 4007 3642 4064 etiam

2064 4082 2468 4138 anathematizo
2515 4100 2708 4154 preces
2751 4085 3026 4142 Zaradeas
3069 4089 3272 4146 dictas.
3308 4091 3646 4150 Anathema--

2064 4175 2173 4228 tizo
2197 4184 2426 4233 cunctos
2456 4192 2484 4230 a
2509 4177 2666 4234 Mane
2696 4177 2991 4237 fabricatos
3019 4180 3151 4239 deos
3181 4202 3198 4239 :
3229 4185 3484 4241 videlicet
3505 4204 3636 4258 qua-

2062 4266 2380 4323 driiormem
2423 4275 2631 4338 patrem
2664 4271 3084 4341 magnitudinis,
3116 4282 3170 4330 et
3213 4290 3338 4330 eum
3389 4277 3482 4346 qui
3527 4279 3636 4347 pri-

2063 4375 2184 4415 mus
2217 4359 2379 4414 homo
2417 4360 2640 4423 dicitur,
2687 4370 2743 4418 et
2783 4362 3212 4436 Coronigerum,
3260 4382 3325 4422 ac
3367 4383 3492 4424 eum
3542 4372 3635 4441 qui

2063 4449 2383 4504 nominatur
2423 4449 2590 4522 Virgo
2645 4451 2808 4518 lucis,
2841 4462 2956 4508 t-um
3009 4455 3214 4511 lumine
3265 4457 3535 4524 aﬁlatum,
3583 4471 3633 4521 et

381 4517 865 4615 γοκάστοχον.(72),
884 4541 978 4595 καὶ
1010 4517 1172 4595 πέντε
1205 4517 1382 4609 νοερά
1399 4537 1602 4607 φέγγη,
1625 4537 1719 4594 καὶ
1748 4535 1840 4588 τὸν
1859 4552 1957 4587 κα·-

2075 4542 2299 4612 ιυίιιιιυο
2338 4517 2729 4616 ἰηιθιιίέθιιιίίε.
2757 4547 3017 4616 praeditos
3073 4549 3417 4618 Splendores,
3467 4517 3639 4608 voca-1

382 4635 474 4689 λού
484 4654 638 4707 μενον
654 4638 728 4708 Δη
738 4633 1017 4707 μιουργὺν,
1037 4632 1131 4688 καὶ
1159 4630 1254 4685 τὸν
1271 4632 1363 4684 ὑπ’
1383 4630 1549 4686 αὐτοῦ
1583 4627 1956 4701 προϐληθέντα

379 4725 586 4779 δίκαιον
617 4727 810 4800 κριτὴν
833 4766 848 4793 ,
884 4724 994 4780 καὶ,
1023 4723 1114 4776 τὸν
1159 4721 1446 4792 ὠμοφάρον
1489 4721 1583 4775 τὸν
1617 4719 1954 4791 βαστάζοντα

380 4814 480 4888 τὴν
524 4816 645 4887 γῆν,
691 4819 785 4870 καὶ
828 4817 921 4870 τὸν
970 4811 1322 4886 Πρεσϐύτην,
1371 4812 1466 4867 καὶ
1509 4811 1715 4874 πάντας
1765 4808 1951 4873 ἁπλῶς

377 4907 487 4984 οὓς·
519 4910 547 4962 ὁ
594 4908 784 4979 Μάνης
833 4909 1055 4964 πλάττει
1097 4905 1252 4969 θεοὺς
1298 4905 1390 4962 καὶ
1445 4903 1658 4968 Αίῶνας
1705 4904 1798 4957 καὶ
1840 4901 1950 4955 τῶν

379 5002 600 5057 Aldiva
631 5000 859 5066 Αἰῶνας,
892 5003 988 5057 καὶ
1017 5003 1118 5056 ὅσα
1148 4998 1297 5070 αὐτῷ
1343 4995 1769 5070 ὲπραγματεύθη
1823 4996 1952 5068 περὶ

377 5095 649 5166 γιγάντων
693 5093 787 5148 καὶ
837 5095 1222 5168 ἐκτρωμάτωνν
1287 5088 1692 5161 ’Δναθεματίζω
1743 5090 1950 5154 πάντας

376 5190 504 5253 τοὺς
533 5187 782 5251 εἰπόντας
815 5187 848 5257 ἢ
880 5186 1180 5258 λέγονταςῆ
1201 5184 1459 5252 λέξοντας
1481 5181 1573 5235 δύο
1594 5181 1767 5252 ἀρχὰς
1785 5182 1947 5250 ἀγεν-

375 5282 569 5352 νήτους
600 5275 1066 5340 ἀντικαθεστώσας
1096 5277 1375 5348 ἀλλήλαις,
1413 5273 1513 5345 τὴν
1567 5271 1668 5344 μὲν
1711 5272 1944 5343 ἀγαθὴν,

373 5374 472 5444 τὴν
486 5373 542 5426 δὲ
558 5372 816 5442 πονηράν.
852 5367 1247 5438 Ἀναθεματίζω
1262 5369 1354 5422 Μα
1362 5367 1586 5438 ρκίωνα,
1601 5365 1695 5418 καὶ
1711 5364 1948 5418 Οὐαλεν-

372 5469 536 5530 τίνον,
565 5465 662 5518 καὶ
689 5460 1018 5529 Βασιλείδην,
1053 5460 1146 5512 καὶ
1179 5460 1354 5513 πάντα
1385 5457 1671 5528 ἄνθρωπον
1703 5456 1796 5512 τὸν
1827 5457 1947 5511 τολ-

443 5715 554 5784 t‘il)
594 5709 849 5770 Κουΰᾶν.
882 5709 1008 5782 Leg.
1044 5709 1259 5765 Βουδᾱν.
1292 5711 1490 5767 Corn.

2055 4641 2284 4705 tumque
2312 4633 2598 4706 Opiﬁcem,
2631 4645 2685 4692 et
2713 4638 2783 4693 ab
2810 4638 2914 4693 hoc
2950 4640 3219 4720 prolatum
3246 4642 3457 4712 justum
3483 4645 3628 4713 judin

2054 4742 2202 4793 celo,
2248 4742 2464 4784 necnon
2489 4728 2734 4799 baiulum
2758 4731 2852 4800 qui
2901 4740 3083 4801 portat
3113 4741 3340 4795 terram.
3373 4734 3501 4790 item
3535 4736 3607 4794 Se

2054 4835 2218 4884 nem,
2288 4828 2631 4891 cunctosque
2681 4837 2911 4892 prorsus
2963 4839 3104 4894 quos
3158 4824 3346 4882 Manes
3405 4827 3631 4896 eonﬁgit

2053 4909 2208 4975 deos,
2240 4909 2469 4975 IEones,
2500 4926 2565 4966 ac
2599 4910 2838 4967 Eonum
2885 4911 3111 4978 IEenes,
3171 4930 3511 4985 quaecunque
3533 4917 3631 4972 de-

2052 5017 2202 5056 mum
2236 5001 2304 5057 ab
2330 5017 2398 5057 eo
2421 5002 2704 5058 elaborata
2728 5003 2943 5060 sunt.de
2973 5005 3282 5076 gigantibus
3326 5013 3380 5061 et
3423 5007 3630 5061 aborti-

2050 5091 2155 5148 vis.
2187 5091 2620 5149 Anathematim
2640 5108 2831 5148 omnes
2879 5095 2974 5164 qui
3025 5094 3284 5150 dixerunt
3316 5104 3411 5150 aut
3434 5097 3629 5154 dicunt

2049 5190 2153 5238 aut,
2167 5182 2368 5238 dicturi
2395 5188 2523 5237 sunt
2553 5183 2664 5237 duo
2685 5183 2951 5254 principia
2971 5185 3230 5256 ingenita,
3261 5187 3366 5242 sibi
3390 5189 3624 5245 invicem

2047 5274 2297 5346 opposita
2314 5293 2340 5332 :_
2355 5274 2587 5328 alterum
2619 5275 2845 5336 bonum.
2871 5277 3100 5331 alterum
3128 5279 3349 5334 malum.
3383 5280 3626 5338 Anathe-

2049 5365 2249 5421 matizo
2282 5363 2614 5420 Marcionem
2644 5380 2770 5420 cum
2794 5364 3085 5422 Valentino
3114 5377 3168 5423 et
3208 5368 3465 5436 Basilide,
3499 5389 3624 5428 om-

2049 5471 2282 5528 nemque
2310 5456 2585 5511 hominem
2613 5459 2706 5528 qui
2731 5473 2899 5514 ausus
2935 5459 3055 5525 fuit,
3089 5459 3253 5514 audet
3279 5463 3362 5518 vel
3384 5477 3628 5526 ausurus
3652 5511 3657 5520 .

2122 5713 2229 5786 (72)
2261 5715 2767 5786 Φεγγοκάστοχωκ
2796 5714 2926 5787 ch.
2960 5715 3375 5788 ?$Y‘{OXiTOZO‘I.
3411 5715 3520 5779 ln._,,
