4022 6274
396 371 543 428 1465

1189 365 1245 421 S.
1287 357 1675 419 CLEMENTIS
1712 358 1732 413 1
1768 355 1941 416 ROM.
1981 354 2182 411 ΡΟΝΤ.
2219 352 2446 410 OPEHA
2485 353 2711 413 DUBIA.

3510 350 3655 407 “64

392 492 478 538 est
515 480 892 551 blasphemare
914 478 1176 533 adversus
1212 475 1376 529 Vetus
1406 481 1501 529 aut
1546 471 1757 527 Novum
1779 468 1972 524 Testa.

2079 471 2328 541 μήσαντα
2360 468 2393 542 ἢ
2425 468 2707 541 τολμῶντα
2727 466 2759 540 ἦ
2778 468 3115 540 τολμήσοντα
3142 467 3476 540 βλασφημεῖν
3507 468 3657 522 κατὰ

392 587 658 638 mentum,
689 580 744 628 et
775 570 1056 641 aspernari
1091 585 1153 622 ac
1185 566 1517 621 contumelia
1548 565 1769 620 afﬁcere
1795 566 1971 619 Abra-

396 670 644 733 hamum,
698 664 969 731 Isaacum,
1019 662 1302 721 Jacobum,
1345 658 1530 714 Jesum
1587 658 1756 712 ﬁlium
1802 656 1967 723 Nave,

396 759 728 823 Samuelem,
749 755 1027 819 Davidem,
1060 753 1247 815 Eliam,
1274 761 1611 819 caeterosque
1631 765 1821 804 omnes
1844 765 1972 819 pro-

391 852 587 921 phetas
618 862 920 916 eorumque
956 846 1179 914 scripta.
1217 843 1294 896 Ad
1327 858 1622 907 summam,
1652 842 1971 897 anathema-

393 947 502 1000 tizo
530 960 627 1001 eos
660 944 754 1014 qui
810 941 1120 1011 obtrectant
1174 954 1305 993 vero
1358 940 1604 993 universi
1662 937 1969 1003 Conditori,

390 1048 569 1102 neque
592 1030 922 1085 conﬁtentur
949 1042 1119 1081 unum
1148 1028 1511 1098 euindemque
1538 1044 1663 1083 esse
1685 1029 1883 1084 veteris
1906 1044 1971 1084 ac

391 1124 518 1179 novi
552 1118 887 1178 Testamenti
919 1117 1111 1184 Deum,
1148 1134 1249 1173 nec
1280 1128 1504 1176 sanctos
1535 1119 1738 1191 Deique
1762 1121 1970 1177 amicos

390 1232 515 1271 esse
544 1215 775 1270 credunt
798 1228 892 1269 eos
925 1215 1018 1283 qni
1058 1213 1113 1267 in
1145 1221 1379 1284 utroque
1420 1211 1777 1269 Testamento
1808 1214 1967 1270 eﬁ‘ul~

390 1313 605 1362 serunt.
635 1304 1049 1360 Anathematizo
1071 1319 1288 1359 omnem
1317 1320 1462 1372 eum,
1494 1305 1587 1374 qui
1610 1320 1720 1360 non
1742 1305 1970 1360 conﬁte~

390 1405 482 1451 tur
497 1413 667 1451 unum
684 1397 861 1454 solum
878 1413 1000 1453 esse
1029 1414 1219 1454 verum
1241 1396 1437 1464 Deum,
1470 1398 1675 1452 bonum
1706 1405 1760 1453 et
1780 1397 1968 1452 mundi

389 1486 663 1557 opiﬁcem,
696 1494 863 1557 atque
892 1476 1344 1559 omnipotentem,
1379 1487 1597 1543 Domini
1635 1491 1810 1544 nostri
1837 1487 1968 1544 Jesu

392 1577 595 1634 Christi
622 1578 869 1647 Patrem;
902 1580 994 1650 qui
1028 1595 1151 1635 cum
1195 1579 1288 1634 illo
1311 1589 1366 1635 et
1395 1596 1518 1635 cum
1549 1579 1753 1650 Spiritu
1778 1588 1970 1635 sancto

389 1687 454 1728 ex
486 1688 592 1727 non
614 1674 977 1738 exstantibus,
1008 1681 1062 1729 et
1085 1674 1236 1729 nullo
1268 1689 1495 1745 prorsus
1518 1675 1679 1729 modo
1705 1675 1971 1731 exsisten-

389 1765 559 1830 tibus,
610 1774 748 1819 nutu
798 1767 1098 1824 voluntatis
1150 1767 1411 1837 produxit
1455 1767 1678 1831 caelum,
1736 1775 1962 1829 terram,

2071 564 2169 635 τῆς
2203 563 2443 626 Παλαιᾶς
2475 562 2770 633 Διαθήκης,
2790 562 2822 632 ἢ
2841 562 2942 631 τῆς
2959 561 3192 631 Καινῆς,
3216 563 3309 615 καὶ
3326 561 3539 614 ἀθετεῖν
3558 562 3657 617 καὶ

2073 653 2313 725 ὑϐρίζειν
2358 652 2627 723 Ἀϐραὰμ,
2664 653 2756 705 καὶ
2800 651 3005 716 Ἰσαὰκ,
3040 652 3135 705 καὶ
3179 649 3390 715 Ἰακὼϐ,
3414 652 3510 705 καὶ
3556 653 3659 722 Ἰη-

2075 747 2201 800 σοῦν
2251 746 2343 799 τὸν
2392 745 2487 799 τοῦ
2521 743 2698 816 Ναυῆ,
2746 746 2839 797 καὶ
2873 743 3143 817 Σαμουὴλ,
3197 744 3290 801 ml.
3323 744 3507 809 Δαϐὶδ,
3557 745 3656 798 καὶ

2090 839 2294 904 Ἠλίαν,
2329 838 2423 895 καὶ
2452 838 2578 902 τοὺς
2610 837 2831 900 λοιποὺς
2875 837 3083 901 πάντας
3117 837 3419 908 προφήτας,
3455 836 3551 891 καὶ
3584 837 3657 893 τὰ

2072 930 2202 994 παρ’
2222 931 2399 983 αὐτῶν
2435 927 2832 1001 συγγραφέντα.
2868 926 2980 980 Καὶ
3028 925 3233 991 ἁπλῶς,
3268 925 3657 995 ἀναθεματίῖω

2070 1027 2195 1088 τοὺς
2229 1023 2679 1097 βλασφημοῦντας
2692 1021 2783 1074 τὸν
2800 1019 3048 1092 ἀληθινὸν
3063 1019 3155 1072 τοῦ
3179 1019 3378 1082 παντὸς
3397 1018 3655 1090 ποιητὴν,

2073 1119 2169 1174 καὶ
2204 1116 2278 1190 μὴ
2309 1114 2703 1188 ὁμολογοῦντας
2734 1114 2831 1168 ἕνα
2863 1114 2957 1168 καὶ
2974 1112 3063 1168 τὸν
3084 1113 3242 1166 αὐτὸν
3258 1107 3393 1164 εἶναι
3416 1110 3657 1175 παλαιᾶς

2072 1213 2165 1265 καὶ
2197 1211 2387 1282 καινῆς
2419 1210 2691 1281 Διαθήκης
2721 1209 2873 1274 Θεὸν,
2908 1208 3000 1261 ml.
3030 1206 3155 1270 τοὺς
3187 1208 3244 1259 ἐν
3275 1204 3510 1275 ἑκατέρᾳ
3542 1203 3656 1257 δια-

2072 1301 2411 1373 λάμψαντας,
2428 1301 2618 1370 ἁγίους
2634 1297 2772 1354 εἶναι
2794 1297 3146 1360 πιστεύοντας
3161 1297 3253 1353 καὶ
3284 1294 3469 1363 φίλους
3489 1294 3649 1348 Θεοῦ.

2086 1390 2491 1464 Ἀναθεματίζω
2533 1392 2711 1447 πάντα
2742 1392 3023 1461 ἄνθρωπον
3053 1391 3144 1444 τὸν
3181 1388 3253 1461 μὴ
3284 1385 3651 1459 ὁμολογοῦντα

2071 1488 2168 1543 ἕνα
2203 1485 2360 1557 μόνον
2392 1481 2531 1539 εἶναι
2548 1484 2679 1537 Θεὸν
2695 1483 2964 1555 ἀληθινὸν,
2990 1481 3190 1550 ἀγαθόν
3207 1498 3264 1537 τε
3284 1481 3376 1533 καὶ
3391 1479 3651 1550 δημιουρ-

2074 1576 2169 1647 γὸν
2199 1577 2294 1630 καὶ
2327 1574 2761 1645 παντοκράτορα,
2795 1572 2888 1627 τὸν
2919 1572 3134 1643 Πατέρα
3148 1572 3240 1623 τοῦ
3258 1569 3459 1641 Κυρίου
3488 1566 3649 1638 ἡμῶν

2088 1668 2266 1740 Ἰησοῦ
2299 1666 2535 1740 Χριστοῦ
2557 1706 2572 1731 ,
2606 1666 2695 1719 τὸν
2731 1666 2827 1719 σὺν
2859 1663 3007 1735 αύτῷ
3038 1663 3132 1718 καὶ
3174 1660 3250 1732 τῷ
3293 1660 3432 1730 ἁγίῳ
3477 1655 3652 1731 Ilvati-

2078 1779 2205 1832 ματι
2261 1763 2325 1815 ὲκ
2361 1760 2434 1832 μὴ
2467 1758 2634 1814 ὄντων
2666 1758 2761 1812 καὶ
2795 1756 3017 1828 μηδαμῆ
3052 1753 3313 1826 μηδαμῶς
3355 1750 3544 1815 ὄντων,
3579 1752 3651 1821 τῇ

389 1870 560 1919 mare,
591 1863 899 1927 cunctaque
928 1859 996 1913 iis
1025 1867 1319 1927 contenta;
1345 1858 1548 1929 quique
1571 1860 1820 1923 materia,
1850 1875 1971 1929 quae

2076 1854 2215 1924 ῥοπῇ
2266 1851 2359 1905 τοῦ
2407 1850 2710 1925 θελήματος
2743 1847 3121 1923 προαγαγόντα
3166 1845 3255 1899 τὸν
3286 1843 3512 1914 οὐρανὸν
3554 1842 3653 1897 καὶ

390 1962 589 2017 nempe
620 1946 862 2001 nondum
914 1956 1053 2013 erat,
1112 1965 1223 2003 non
1273 1949 1533 2020 indiguit,
1566 1965 1669 2004 nec
1705 1951 1965 2023 pellibus,

390 2037 600 2100 nervis,
629 2038 976 2106 corporibus,
1020 2038 1430 2110 Sudoribusque
1463 2042 1732 2096 malorum
1759 2044 1967 2112 princi-

389 2142 543 2198 pum,
572 2141 711 2196 quos
754 2127 939 2183 Manes
988 2138 1332 2184 commentus
1387 2137 1491 2185 est.
1547 2130 1969 2185 Anathematizo

392 2218 639 2273 dicentes
668 2232 869 2288 corpus
902 2233 931 2272 a
964 2220 1107 2273 malo
1142 2219 1412 2291 principio
1459 2221 1664 2277 editum
1697 2221 1889 2287 fuisse,
1917 2230 1971 2278 et

391 2309 535 2364 mala
564 2318 763 2364 natura
793 2326 937 2366 esse.
986 2311 1408 2368 Anathematizo
1450 2314 1681 2369 deliram
1731 2314 1967 2371 Manetis

390 2399 656 2465 fabulam,
694 2402 748 2457 in
784 2418 891 2473 qua
922 2403 1053 2458 dicit
1100 2421 1443 2478 nequaquam
1487 2406 1720 2463 similem
1753 2407 1911 2463 nobis
1938 2423 1969 2462 a

391 2491 502 2548 Deo
518 2492 812 2549 formatum
838 2510 961 2551 esse
980 2496 1214 2566 primum
1242 2498 1548 2565 hominem;
1569 2500 1672 2553 hoc
1697 2507 1801 2564 est,
1824 2499 1972 2553 Ada-

389 2600 562 2651 mum,
597 2586 690 2642 sed
720 2602 750 2641 a
770 2587 927 2643 Sacla
956 2591 1132 2660 stupri
1164 2591 1413 2661 principe
1441 2602 1494 2646 et
1511 2590 1786 2655 Nebroda,
1805 2607 1970 2661 quam

391 2679 471 2733 ait
503 2694 627 2733 esse
656 2680 969 2747 materiam,
996 2681 1170 2737 factos
1203 2682 1373 2738 fuisse
1400 2682 1668 2737 Adamum
1702 2695 1754 2741 et
1780 2682 1969 2751 Evam;

392 2784 459 2825 ac
483 2770 638 2824 illum
664 2770 884 2840 quidem
918 2780 1163 2827 creatum
1218 2789 1341 2830 esse
1391 2774 1566 2830 ferina
1598 2774 1796 2837 forma,
1829 2773 1972 2830 hanc

389 2878 524 2918 vero
555 2863 849 2919 inanimam
872 2882 887 2931 ;
913 2876 1076 2936 atque
1108 2865 1272 2920 Evam
1304 2867 1524 2937 quidem
1547 2884 1577 2923 a
1615 2868 1858 2922 mascula
1882 2882 1974 2922 vo-

391 2965 516 3011 cata
558 2958 769 3029 virgine
804 2958 974 3014 vitam
1009 2961 1312 3030 accepisse,
1361 2958 1630 3017 Adamum
1664 2969 1845 3014 autem
1876 2975 1973 3033 per

391 3046 559 3104 Evam
608 3049 820 3105 feritate
882 3051 1197 3107 liberatum.
1259 3050 1677 3107 Anathematizo
1732 3069 1825 3107 eos
1877 3051 1967 3121 qui

393 3149 650 3197 asserunt
698 3141 987 3197 Dominum
1019 3152 1269 3198 nostrum
1319 3143 1504 3198 Jesum
1535 3143 1811 3198 Christum
1854 3144 1972 3211 Opi-
1999 3180 2041 3237 ε

392 3234 558 3290 nione
600 3235 1007 3292 manifestatum
1042 3234 1210 3292 fuisse
1240 3237 1467 3301 mundo,
1500 3250 1601 3289 nec
1649 3236 1973 3304 proﬁtentur

393 3326 573 3397 ipsum
600 3344 727 3383 vere
757 3344 976 3383 carnem
1009 3329 1378 3397 assumpsisse
1423 3344 1489 3382 ex
1530 3337 1721 3382 sancta
1763 3329 1975 3399 virgine

391 3420 563 3475 Maria
596 3436 623 3474 a
668 3420 871 3475 Davide
902 3428 1043 3486 orta,
1097 3434 1316 3473 carnem
1364 3419 1659 3475 humanam
1705 3421 1975 3491 nobisque

394 3511 941 3575 consubstantialem,
989 3519 1157 3581 atque
1196 3510 1437 3582 perfecte
1476 3512 1746 3567 hominem
1771 3514 1972 3569 factum

393 3618 549 3670 esse;
579 3603 647 3656 ab
674 3617 848 3675 eaque
882 3600 1103 3673 Virgine
1126 3604 1367 3674 genitum
1404 3603 1577 3660 fuisse
1606 3615 1731 3677 post
1760 3614 1975 3678 tempus

395 3712 590 3751 novem
616 3696 909 3760 mensium,
944 3696 1072 3750 item
1108 3695 1173 3750 ad
1207 3697 1546 3766 trigesimum
1594 3714 1798 3753 annum
1847 3716 1973 3755 cum

394 3788 710 3844 hominibus
758 3796 1039 3842 versatum
1100 3787 1291 3854 fuisse,
1348 3789 1474 3844 dein
1522 3790 1859 3860 baptizatum
1918 3794 1975 3851 in

395 3880 633 3936 Jordane
663 3895 692 3931 a
721 3880 1073 3934 sanctissimo
1100 3895 1441 3948 praecursore
1459 3888 1513 3936 et
1539 3880 1779 3952 Baptista
1811 3884 1977 3939 Joan-

396 3987 487 4035 ne,
529 3988 592 4025 ac
619 3971 992 4026 testimonium
1022 3971 1278 4026 retulisse
1318 3987 1347 4025 a
1372 3974 1611 4037 cmlesti,
1651 3991 1780 4030 vero
1804 3977 1978 4030 hono-

396 4080 504 4136 que
533 4064 714 4128 Patre,
750 4064 893 4133 quod
924 4064 1041 4134 ipse
1071 4065 1192 4134 ejus
1242 4075 1384 4120 esset
1415 4065 1608 4130 Filius,
1641 4083 1804 4123 verus
1833 4067 1977 4125 Deus

396 4165 561 4227 atque
580 4156 629 4211 ei
648 4157 1158 4220 consubstantialis,
1184 4173 1282 4227 per
1306 4159 1738 4214 incarnationem
1769 4177 1834 4217 ex
1854 4161 1977 4220 Vir-

398 4248 523 4317 gine
559 4246 736 4303 factus
766 4248 953 4313 homo,
983 4263 1277 4304 remanens
1312 4256 1495 4304 tamen
1526 4248 1692 4307 Deus.

469 4512 534 4569 ll.
578 4512 993 4569 Anathematizo
1022 4514 1209 4584 igitur,
1264 4520 1326 4568 ut
1355 4512 1561 4569 dictum
1589 4522 1693 4577 est,
1735 4529 1832 4570 eos
1876 4516 1973 4587 qui
2004 4515 2050 4570 D

398 4612 593 4661 contra
621 4606 737 4660 baac
764 4606 1026 4669 sentiunt,
1072 4613 1127 4660 et
1154 4606 1321 4660 alium
1379 4605 1602 4675 quidem
1631 4608 1825 4661 volunt
1853 4623 1978 4664 esse

399 4711 525 4752 eum
552 4695 645 4765 qui
684 4703 847 4751 natus
877 4696 949 4751 sit
977 4712 1046 4751 ex
1072 4694 1265 4759 Maria,
1300 4697 1509 4767 quique
1530 4698 1841 4767 baptizatus
1879 4714 1976 4754 seu

401 4786 667 4842 intinctus
696 4788 789 4852 sit,
811 4788 944 4851 imo,
970 4794 1030 4841 ut
1054 4788 1159 4858 ipsi
1188 4788 1445 4855 delirant,
1468 4789 1755 4847 demersus
1777 4807 1791 4857 ;
1811 4790 1977 4845 alium

400 4894 533 4935 vero
562 4895 686 4935 eum
730 4880 825 4951 qui
850 4896 916 4936 ex
950 4895 1092 4950 aqua
1124 4881 1459 4944 ascenderit,
1485 4882 1980 4953 testimoniumque

400 4973 696 5045 acceperit,
714 4988 875 5044 quem
903 4981 957 5027 et
977 4974 1275 5045 ingenitum
1304 4972 1491 5029 Iesum
1518 4990 1581 5029 ac
1601 4974 1805 5033 Lumen
1835 4992 1979 5030 nun-

402 5074 628 5135 cupant,
667 5064 763 5134 qui
814 5065 869 5119 in
920 5063 1089 5134 ﬁgura
1145 5063 1383 5119 hominis
1431 5066 1774 5137 apparuerit;
1816 5074 1979 5137 atque

401 5159 559 5215 illum
609 5157 830 5229 quidem
880 5156 1198 5214 fabulantur
1234 5174 1357 5215 esse
1412 5174 1443 5214 a
1496 5159 1641 5214 malo
1681 5160 1975 5230 principio,

402 5250 553 5305 hunc
574 5257 753 5305 autem
778 5264 808 5303 a
838 5250 1003 5305 bono.
1027 5250 1441 5306 Anathematizo
1463 5267 1558 5308 eos
1579 5253 1674 5322 qui
1696 5254 1849 5307 aiunt
1872 5252 1979 5305 Do-

403 5341 611 5395 minum
630 5347 881 5397 nostrum
907 5339 1093 5396 Iesum
1122 5342 1400 5399 Christum
1433 5342 1836 5399 existimatione
1860 5344 1977 5400 sola

404 5446 631 5501 passum
682 5449 825 5498 esse,
865 5442 919 5489 et
960 5434 1127 5488 alium
1170 5433 1389 5504 quidem
1427 5449 1550 5490 esse
1594 5449 1719 5488 eum
1774 5435 1867 5506 qui
1921 5436 1977 5491 in

408 5535 591 5587 cruce,
621 5525 789 5578 alium
821 5541 951 5580 vero
978 5526 1069 5595 qui
1104 5525 1294 5595 procul
1323 5526 1391 5578 ab
1421 5540 1485 5579 ea
1514 5525 1712 5588 stabat,
1740 5526 1978 5581 ridebat-

409 5629 515 5682 que
541 5623 798 5685 tanquam
829 5618 937 5672 alio
966 5634 1067 5688 pro
1097 5634 1156 5674 se
1177 5618 1531 5689 perpetiente.
1563 5620 1977 5676 Ana‘thematizo

411 5700 594 5772 itaque
622 5706 765 5771 illos,
790 5708 882 5777 qui
902 5725 1011 5763 non
1041 5709 1370 5763 conﬁtentur
1398 5708 1576 5779 ipsum
1593 5726 1717 5767 esse
1740 5710 1978 5765 Verbum

413 5791 580 5851 Deum
626 5812 657 5853 e
704 5805 892 5857 sancta
932 5798 1159 5877 Deipara
1205 5816 1527 5877 semperque
1558 5803 1765 5875 virgine
1807 5802 1975 5858 Maria

2070 1941 2167 2015 τὴν
2200 1942 2302 2012 γῆν
2336 1942 2429 1993 καὶ
2460 1941 2560 2013 τὴν
2593 1939 2865 1995 Θάλασσαν
2900 1939 2992 1993 καὶ
3025 1937 3202 1991 πάντα
3234 1935 3302 1989 τὰ
3347 1938 3405 1989 ὲν
3438 1936 3651 1997 αὐτοῖς,

2071 2036 2164 2089 καὶ
2199 2034 2273 2106 μὴ
2305 2033 2559 2103 δεηθέντα
2592 2032 2723 2104 ὕλης
2753 2034 2851 2105 τῆς
2886 2032 3107 2103 μηδέπω
3138 2029 3320 2102 οὔσης,
3358 2030 3493 2100 μήτε
3519 2026 3653 2097 βυρς

2073 2126 2184 2181 σῶν
2216 2126 2310 2179 καὶ
2335 2125 2543 2197 νεύρων
2576 2125 2671 2178 ml.
2712 2124 2979 2195 σωμάτων
3013 2122 3107 2176 ml.
3141 2120 3372 2193 ἱδρώτων
3402 2118 3513 2171 τῶν
3545 2137 3649 2171 πο-

2071 2220 2253 2291 νηρῶν
2301 2219 2596 2291 ἀρχόντων,
2639 2215 2730 2276 οὒς
2770 2217 2799 2270 ὁ
2831 2217 3023 2288 Μάνης
3060 2216 3376 2270 ἀνέπλασεν.
3426 2215 3653 2268 Ἀναθεη

2075 2312 2284 2383 ματίζω
2315 2314 2440 2377 τοὺς
2478 2312 2735 2382 λέγοντας
2777 2312 2859 2366 ὅτι
2889 2311 2950 2365 τὸ
2983 2310 3138 2381 σῶμα
3171 2312 3236 2363 ὲκ
3274 2310 3370 2379 τῆς
3402 2309 3651 2379 πονηρᾶς

2072 2406 2245 2477 ἀρχῆς
2273 2406 2503 2476 ὑπέστη,
2538 2406 2633 2460 καὶ
2668 2407 2750 2460 ὅτι
2783 2404 2941 2476 φύσει
2973 2404 3088 2458 ἔστι
3120 2403 3187 2457 τὰ
3218 2402 3380 2457 κακά.
3428 2400 3653 2454 Ἀναθεη

2076 2498 2284 2568 ματίζω
2323 2499 2414 2551 τὸν
2456 2496 2673 2569 ληρώδη
2702 2498 2977 2561 Μάνεντος
3016 2496 3201 2568 μῦθον,
3237 2498 3295 2550 ὲν
3330 2488 3373 2563 ᾧ
3405 2512 3536 2565 φησι
3574 2493 3651 2571 μὴ

2071 2592 2254 2661 ὅμοιον
2278 2592 2409 2662 ἡμῖν
2442 2590 2838 2645 διαπεπλὰσθαι
2867 2590 2971 2643 ὑπὸ
3002 2589 3095 2643 τοῦ
3128 2588 3261 2642 Θεοῦ
3294 2588 3386 2641 τὸν
3426 2586 3649 2658 πρῶτον

2072 2682 2378 2754 ἄνθρωπον,
2406 2684 2651 2737 τουτέστι
2683 2683 2774 2737 τὸν
2820 2682 3010 2753 Ἀδὰμ,
3047 2682 3179 2739 ἀλλὰ
3208 2680 3314 2734 ύπδ
3334 2680 3429 2734 τοῦ
3467 2680 3652 2737 Σακλᾶ

2071 2773 2165 2829 τοῦ
2198 2774 2297 2844 τῆς
2320 2774 2576 2845 πορνείας
2596 2774 2874 2846 ἄρχοντος,
2910 2776 3003 2828 καὶ
3030 2774 3128 2844 τῆς
3148 2772 3393 2844 Νεϐρὼδ,
3422 2772 3488 2843 ἢν
3511 2767 3651 2827 εἶναι

2072 2863 2170 2940 τὴν
2211 2863 2342 2935 ὓλην
2377 2866 2529 2937 φησὶ,
2569 2865 2821 2935 γενέσθαι
2862 2865 2952 2918 τὸν
3004 2865 3174 2935 Ἀδὰμ
3215 2865 3307 2919 καὶ
3336 2863 3436 2935 τὴν
3468 2861 3647 2917 Εὔαν

2074 2959 2167 3015 καὶ
2198 2957 2288 3010 τὸν
2316 2958 2414 3027 μὲν
2442 2956 2808 3029 θηριὸμορφον
2844 2957 3144 3029 κτισθῆναι,
3190 2958 3289 3031 τὴν
3320 2957 3375 3013 δὲ
3408 2956 3613 3026 ἄψυχον
3632 2970 3649 2988 ·

2074 3051 2165 3103 καί
2191 3049 2288 3121 τὴν
2322 3050 2418 3120 μὲν
2452 3048 2592 3102 Εὕαν
2625 3050 2731 3103 ὑπὸ
2755 3050 2853 3121 τῆς
2878 3050 3169 3122 ἀρῤενικῆς
3202 3049 3501 3119 λεγομένης
3518 3064 3653 3118 παρη

2076 3139 2229 3193 θένου
2266 3139 2589 3210 μεταλαϐεῖν
2610 3137 2777 3211 ζωῆς,
2810 3141 2901 3196 τὸν
2944 3141 3111 3213 ’Ἀδὰμ
3135 3141 3191 3195 δὲ
3207 3140 3335 3193 ⁸ὑπὸ
3364 3139 3466 3210 τῆς
3505 3138 3652 3202 Εὔας

2074 3230 2449 3302 ἀπαλλαγῆναι
2480 3233 2579 3304 τῆς
2610 3232 2924 3305 θηριωδίας.
2973 3233 3376 3305 Ἀναθεματίζω
3403 3232 3529 3293 τοὺς
3566 3229 3652 3283 λέ-

2073 3341 2266 3392 γοντας
2322 3324 2415 3378 τὸν
2454 3324 2656 3395 Κύριον
2702 3326 2857 3398 ἡμῶν
2914 3326 3118 3396 Ἰησοῦν
3150 3325 3381 3397 Χριστὸν
3431 3322 3652 3392 δοκήσει

2075 3418 2490 3490 πεφανερῶσθαι
2512 3418 2589 3494 τῷ
2612 3420 2819 3491 κόσμῳ,
2849 3420 2940 3473 καὶ
2964 3419 3037 3491 μὴ
3060 3418 3450 3490 ὁμολογοῦντας
3482 3417 3648 3471 αὑτὸν

2078 3511 2459 3582 σεσαρκῶσθαι
2490 3511 2705 3581 ἀληθῶς
2726 3515 2790 3571 ὲκ
2813 3512 2915 3582 τῆς
2940 3513 3100 3581 ἁγίας
3133 3511 3401 3583 παρθένου
3431 3511 3650 3581 Μαρίας

2075 3603 2173 3676 τῆς
2208 3605 2272 3656 ὲκ
2306 3603 2469 3655 Δαϐὶδ
2507 3604 2905 3674 καταγομένης,
2952 3604 3129 3674 σάρκα
3161 3602 3259 3675 τὴν
3304 3603 3653 3675 ἀνθρωπίνην

2076 3697 2171 3748 κα)⁵
2207 3696 2337 3767 ἡμῖν
2371 3694 2672 3765 ὁμοούσιον,
2710 3695 2804 3750 καὶ
2827 3694 3045 3758 τελείως
3084 3694 3521 3765 ὲνανθρωπῆσαι,
3558 3695 3653 3747 καὶ

2075 3787 2328 3860 τεχθῆναι
2364 3787 2423 3859 ἐξ
2464 3788 2634 3859 αὐτῆς
2668 3789 2734 3843 δι’
2759 3789 3137 3859 ἐνναμηνιαίου
3176 3788 3387 3858 χρόνου,
3422 3790 3519 3842 καὶ
3558 3788 3652 3841 ἐπὶ

2074 3882 2391 3954 τριακοστὸν
2409 3883 2527 3946 ἔτος
2552 3882 2856 3953 ἀνθρώποις
2878 3885 3403 3955 συναναστραφῆναι,
3434 3885 3529 3937 καὶ
3555 3884 3654 3954 βα-

2078 3976 2369 4046 πτισθῆναι
2406 3976 2512 4030 ὑπὸ
2570 3975 2814 4031 Ἰωάννου
2856 3974 2951 4028 τοῦ
2999 3976 3299 4044 ἀγιωτάτου
3341 3975 3651 4046 προδρόμου

2077 4070 2171 4121 καὶ
2193 4067 2495 4126 Βαπτιστοῦ
2523 4071 2580 4121 ὲν
2603 4068 2678 4139 τῷ
2714 4068 2970 4145 Ἰορδάνῃ,
3002 4071 3097 4122 καὶ
3139 4068 3244 4122 ὑπὸ
3274 4068 3367 4121 τοῦ
3399 4069 3649 4138 οὐρανίου

2077 4160 2170 4213 καὶ
2198 4158 2452 4230 ἀληθινοῦ
2482 4161 2578 4212 καὶ
2610 4160 2815 4229 ἀγαθοῦ
2859 4160 3270 4232 μαρτυρηθῆναι
3315 4160 3546 4232 Πατρὸς,
3574 4160 3650 4224 ὡς

2078 4249 2241 4311 αὐτὸς
2269 4249 2354 4321 εἴη
2381 4252 2409 4303 ὀ
2433 4251 2561 4314 Υἱὸς
2584 4250 2745 4304 αὐτοῦ
2770 4255 2800 4306 ὁ
2826 4252 3072 4323 ἀληθινὸς
3100 4252 3233 4315 Θεὸς
3248 4252 3342 4306 καὶ
3367 4251 3651 4323 ὀμοούσιος

2078 4339 2246 4410 αύτῷ,
2271 4341 2541 4413 σαρκώσει
2565 4345 2633 4413 τῇ
2655 4345 2720 4397 ὲκ
2750 4343 3023 4414 Παρθένου
3056 4342 3344 4413 γενόμενος
3368 4341 3464 4397 ἀνθ
3474 4359 3651 4413 ρωπος

2085 4431 2220 4503 μετὰ
2246 4431 2342 4487 τοῦ
2383 4434 2561 4503 μεῖναι
2584 4433 2734 4497 Θεός.

2161 4523 2565 4595 ’Λναθεματίζω
2585 4520 2699 4589 οὖν,
2744 4524 2820 4589 ὼς
2852 4526 3091 4596 εἴρηται,
3117 4527 3244 4589 τοὺς
3282 4525 3435 4595 παρὰ
3475 4522 3653 4577 ταῦτα

2079 4615 2428 4687 φρονοῦντας,
2458 4619 2552 4671 καὶ
2578 4616 2735 4677 ἄλλον
2768 4618 2865 4688 μὲν
2897 4616 3149 4686 λέγοντας
3184 4614 3322 4674 εἶναι
3352 4618 3443 4671 τὸν
3461 4634 3657 4687 γεννηα

2078 4706 2236 4762 θέντα
2262 4709 2327 4761 ἐκ
2349 4708 2588 4777 Μαρίας,
2630 4709 2723 4761 καὶ
2744 4708 3126 4778 βαπτισθέντα,
3150 4709 3346 4780 μᾶλλον
3371 4709 3427 4762 δὲ
3447 4709 3524 4773 ὡς
3555 4708 3655 4762 αύο

2074 4800 2158 4852 τοὶ
2191 4799 2415 4871 ληροῦσι
2458 4800 2794 4871 βυθισθέντα,
2824 4801 2980 4855 ἄλλον
3008 4802 3064 4855 δὲ
3098 4802 3190 4855 τὸν
3225 4804 3290 4856 ὲκ
3322 4802 3417 4855 τοῦ
3462 4802 3654 4862 ὓδατος
3678 4821 3695 4833 ο

2076 4891 2361 4946 ἀνελθόντα
2377 4893 2469 4946 καὶ
2487 4892 2915 4965 μαρτυρηθέντα,
2933 4894 2991 4948 ὃν
3012 4895 3106 4953 καὶ
3120 4894 3410 4965 ἀγέννητον
3443 4895 3655 4966 Ἰησοῦν

2077 4982 2171 5035 καὶ
2202 4982 2409 5050 Φέγγος
2450 4981 2825 5053 ὀνομάζουσιν,
2861 4986 2919 5036 ὲν
2948 4984 3183 5055 σχήματι
3218 4984 3503 5055 ἀνθρώπου
3549 5004 3655 5055 φα..

2078 5072 2259 5138 νέντα,
2279 5074 2491 5128 καὶτὸν
2527 5075 2625 5145 μὲν
2651 5070 2789 5135 εἶναι
2814 5075 2912 5145 τῆς
2933 5075 3109 5144 κακῆς
3136 5075 3331 5147 ἀρχῆς,
3357 5076 3449 5130 τὸν
3470 5076 3527 5133 δὲ
3549 5079 3652 5148 τῆς

2078 5166 2287 5236 ἀγαθῆς
2333 5165 2745 5238 μυθολογοῦσιν.
2798 5165 3199 5236 Ἀναθεματίςω
3228 5166 3353 5230 τοὺς
3397 5166 3652 5236 λέγοντας

2076 5258 2295 5328 δοκήσει
2320 5259 2516 5312 παθεῖν
2534 5260 2624 5312 τὸν
2650 5256 2852 5329 Κύριον
2867 5255 3023 5329 ἡμῶν
3053 5258 3261 5329 Ἰησοῦν
3282 5260 3533 5332 Χριστὸν,
3557 5259 3653 5318 καὶ

2078 5348 2235 5402 ἄλλον
2266 5349 2367 5420 μὲν
2395 5344 2532 5402 εἶναι
2554 5349 2645 5401 τὸν
2666 5349 2725 5402 ὲν
2746 5347 2985 5421 σταυρῷ,
3011 5347 3197 5419 ἕτερον
3218 5348 3277 5405 δὲ
3306 5349 3397 5401 τὸν
3430 5348 3650 5418 πόρρω-

2078 5440 2168 5495 θεν
2198 5442 2407 5495 ἑστῶτα
2429 5442 2523 5496 ml.
2553 5440 2815 5511 γελῶντα,
2847 5439 2922 5504 ὡς
2946 5440 3103 5494 άλλου
3131 5438 3426 5495 ἀντάὑτοῦ
3455 5438 3654 5493 παθόν-

2076 5549 2183 5595 τος.
2220 5532 2627 5601 Ἀναθεματίζω
2653 5518 2831 5584 τοίνυν
2858 5534 2985 5595 τοὺς
3020 5530 3095 5603 μὴ
3126 5530 3521 5602 ὁμολογοῦντας
3553 5530 3652 5583 αύεε

2076 5621 2166 5673 τὸν
2191 5616 2335 5676 εῖναι
2366 5620 2455 5673 τὸν
2490 5624 2554 5674 ὲκ
2583 5622 2681 5691 τῆς
2709 5622 2868 5689 ἁγίας
2882 5621 3140 5681 Θεοτόκου
3178 5622 3272 5674 καὶ
3294 5619 3650 5690 ἁειπαρθένου

2075 5712 2299 5783 Μαρίας
2333 5713 2683 5784 σαρκωθέντα
2715 5713 2847 5767 Θεὸν
2878 5713 3179 5783 Λόγον,καὶ
3199 5711 3652 5782 γεννηθέντα,καὶ

2079 5805 2199 5859 κατ’
2224 5803 2480 5877 ἀλήθειαν
2506 5803 2896 5878 ,σταυρωθέντα
2938 5804 3121 5876 σαρκὶ,
3169 5804 3263 5862 καὶ
3307 5800 3650 5861 ἀποθανόντα
