4022 6274
374 388 513 445 1465

1463 371 2035 434 RECOGNITIONES.
2066 403 2139 414 —
2158 372 2518 431 APPENDIX.

3492 379 3629 435 1466

371 502 590 577 ἀληθῶς
629 502 811 575 σαρκὶ,
849 502 945 556 καὶ
986 501 1282 574 τριήμερον
1324 500 1632 555 ἀναστάντα
1676 498 1752 562 ὡς
1797 494 1949 549 Θεὸν.

2056 491 2422 561 incarnatum,
2454 501 2508 550 et
2532 493 2796 565 genitum,
2831 509 3045 550 necnon
3086 511 3276 551 revera
3307 512 3473 553 carne
3509 515 3631 554 cru-

386 594 794 669 Ἀναθεματίζω
833 596 959 658 τοὺς
992 594 1085 647 rbv
1129 594 1364 665 Χριστὸν
1392 594 1648 663 λέγοντας
1690 588 1829 645 εῖναι
1854 590 1947 643 τὸν

371 690 544 762 ἥλιον,
575 691 667 744 καὶ
707 688 1033 759 εὐχομένους
1060 685 1139 757 τῷ
1168 686 1323 759 ἡλίῳ,
1357 687 1389 759 ἡ
1419 690 1485 757 τῇ
1517 687 1737 759 σελήνῃ,
1770 685 1802 756 ἢ
1834 687 1947 748 τοῖς

372 782 616 854 ἄστροις,
652 781 743 834 καὶ
764 780 902 843 ὅλως
947 778 1133 842 αὐτοῖς
1160 779 1235 841 ὼς
1265 778 1406 842 θεοῖς
1436 777 1820 849 προσέχοντας,
1854 776 1949 829 καὶ

374 876 702 946 φανοτάτους
755 872 909 936 θεοὺς
938 871 1369 934 ἀποκαλοῦντας·
1414 870 1507 923 καὶ¹
1547 869 1674 933 τοὺς
1706 868 1778 939 μὴ
1811 867 1949 939 πρὸς

289 1001 298 1010 -
372 962 634 1026 ἀνατολὰς
676 962 833 1033 μόνον
862 960 939 1031 τῷ
962 960 1153 1030 ἀληθεῖ
1179 959 1298 1031 Θεῷ
1332 958 1677 1030 εὐχομένους,
1718 957 1852 1011 ἀλλά
1880 959 1947 1028 τῇ

368 1056 464 1110 τοῦ
495 1055 642 1126 ἡλίου
672 1055 882 1125 κινήσει
911 1054 1483 1125 συμπεριφερομένους
1504 1055 1561 1105 ὲν
1578 1053 1700 1115 ταῖς
1733 1050 1950 1123 μυρίαις

371 1149 549 1202 αὐτῶν
582 1149 930 1220 προσευχαῖς.
976 1144 1381 1217 ’Λναθεματίζω
1402 1146 1529 1209 τοὺς
1558 1144 1651 1197 τὸν
1682 1143 1947 1214 Ζαράδην,

371 1243 573 1296 καὶτὸν
602 1241 821 1305 Βουδᾶν,
851 1243 943 1295 καὶ
970 1241 1061 1294 τὸν
1088 1239 1343 1310 Χριστὸν,
1375 1241 1467 1292 καὶ
1500 1238 1589 1291 τὸν
1624 1239 1947 1306 Μανιχαῖον,

370 1335 466 1387 καὶ
484 1333 573 1385 τὸν
598 1332 767 1403 ἥλιον,
793 1332 889 1386 ἕνα
905 1332 998 1386 καὶ
1019 1331 1111 1383 τὸν
1138 1330 1299 1383 αὑτὸν
1319 1324 1459 1383 εἶναι
1488 1326 1760 1396 λέγοντας.
1799 1327 1953 1379 Ἀνα-

371 1424 649 1495 θεματίζω
704 1427 831 1489 τοὺς
878 1424 970 1477 τὸν
1021 1421 1412 1494 Παράκλητον,
1466 1419 1526 1472 ὃν
1593 1418 1953 1489 ἐπηγγείλατο

372 1516 611 1587 πέμπειν
630 1517 658 1569 ὁ
673 1516 894 1588 Κύριος,
922 1515 1237 1585 τολμῶντας
1260 1512 1441 1580 λέγειν
1468 1510 1559 1564 τὸν
1579 1510 1811 1564 δείλαιον
1840 1508 1954 1563 Μά-

371 1626 550 1673 νεντα,
592 1608 686 1661 καὶ
723 1607 795 1679 μὴ
835 1607 1226 1679 ὁμολογοῦντας
1265 1605 1355 1660 τὸν
1386 1603 1633 1675 ἀληθινὸν
1662 1602 1987 1673 Παράκλη-·

372 1643 559 1754 rom
595 1700 820 1754 Πνεῦμα
846 1701 944 1754 τῆς
971 1699 1248 1754 ἀληθείας.
1295 1696 1323 1750 ὃ
1369 1699 1485 1754 τοῖς
1513 1694 1690 1754 ἁγίοις
1716 1693 1950 1754 Χριστοῦ

372 1717 466 1754 τον

595 1700 820 1771 Πνεῦμα
846 1701 944 1771 τῆς
971 1699 1248 1770 ἀληθείας,
1295 1696 1323 1750 δ
1369 1699 1485 1759 τοῖς
1513 1694 1690 1764 ἁγίοις
1716 1693 1950 1765 Χριστοῦ

377 1791 645 1863 μαθηταῖς
673 1790 765 1843 καὶ
788 1789 1102 1852 ἀποστόλοις
1127 1788 1483 1857 ὲπεφοίτησεν
1516 1788 1573 1839 ὲν
1599 1788 1665 1857 τῇ
1686 1785 1787 1855 τῆς
1812 1785 1949 1837 Πεν-

2052 583 2295 650 cilixum,
2327 600 2455 641 vere
2486 598 2654 639 carne
2681 592 2983 652 mortuum,
3018 586 3291 657 tertioque
3320 588 3409 643 die
3450 591 3629 645 susci-

2052 686 2245 744 tatum,
2268 687 2458 749 utpote
2492 677 2683 733 Deum.
2704 678 3119 734 Anathematizo
3134 696 3228 735 eos
3246 683 3338 752 qui
3356 682 3631 740 aﬂirmant

2048 770 2328 825 Christum
2347 786 2469 827 esse
2482 771 2675 835 solem,
2694 779 2746 826 et
2762 771 2829 826 ad
2846 773 3039 838 solem,
3058 776 3140 830 vel
3160 776 3364 846 lunam,
3377 780 3461 834 vel
3480 786 3630 845 astra

2051 878 2242 933 preces
2297 863 2571 930 deferunt,
2593 864 2939 936 omninoque
2967 867 3073 923 illis
3094 878 3153 923 ut
3175 868 3282 925 diis
3313 873 3624 935 attendunt,

2049 964 2357 1027 vocantque
2410 957 2542 1013 deos
2593 956 2963 1015 lueidissimos
3011 961 3188 1015 :item
3226 978 3319 1018 eos
3372 964 3465 1034 qui
3515 982 3627 1021 non

2050 1050 2213 1106 modo
2238 1050 2305 1105 ad
2338 1049 2619 1106 Orientem
2660 1066 2790 1106 vero
2822 1051 2933 1107 Deo
2964 1055 3297 1125 supplicant,
3330 1056 3425 1111 sed
3470 1056 3628 1127 juxta

2052 1154 2258 1200 motum
2290 1144 2424 1201 solis
2446 1145 2841 1201 circumferunt
2868 1162 2925 1201 se
2948 1147 3002 1201 in
3027 1149 3140 1202 suis
3170 1150 3473 1205 innumeris
3501 1168 3628 1206 ora-

2053 1236 2313 1293 tionibus.
2333 1237 2749 1292 Anathematizo
2772 1238 2894 1293 illos
2929 1239 3023 1308 qui
3048 1238 3310 1295 Zaradem
3334 1248 3389 1297 et
3418 1240 3625 1297 Budam

2052 1339 2106 1384 et
2132 1328 2414 1385 Christum
2452 1336 2504 1385 et
2544 1328 2904 1385 Manichaeum
2945 1338 3001 1385 et
3041 1330 3232 1397 solem,
3268 1349 3438 1391 unum
3471 1351 3624 1389 eum-

2053 1420 2287 1492 demque
2315 1436 2436 1477 esse
2460 1421 2672 1476 dicunt.
2695 1423 3110 1477 Anathematizo
3137 1438 3231 1478 eos
3249 1426 3341 1494 qui
3374 1423 3627 1481 Paracle—

2052 1520 2169 1566 tum
2217 1528 2378 1583 quem
2416 1511 2679 1569 Dominus
2714 1514 3010 1570 missurum
3042 1530 3101 1570 se
3127 1516 3398 1585 promisit,
3424 1518 3628 1574 audent

2053 1605 2234 1660 dicere
2266 1605 2529 1661 miserum
2562 1605 2851 1670 Manetem,
2881 1622 3057 1677 neque
3080 1613 3409 1663 conﬁtentur
3437 1627 3626 1666 verum

2050 1693 2396 1753 Paraclctum
2421 1697 2685 1768 Spiritum
2706 1699 2973 1759 veritatis.
2988 1701 3080 1770 qui
3106 1701 3159 1755 in
3180 1711 3400 1758 sanctos
3421 1701 3629 1760 Christi

2052 1784 2353 1854 discipulos
2395 1800 2459 1841 ac
2497 1787 2776 1856 apostolos
2807 1788 3090 1844 descendit
3125 1792 3213 1846 die
3237 1790 3588 1849 Pentecostes
3609 1836 3625 1859 ,

308 1936 311 1939 .
374 1884 647 1956 τηκοστῆς
673 1883 877 1955 ἡμέρᾳ,
918 1882 984 1936 δι’
1007 1876 1067 1936 οῦ
1092 1882 1187 1935 καὶ
1214 1880 1316 1944 τάς
1340 1880 1446 1933 ὑπὸ
1468 1879 1560 1931 τὸν
1586 1878 1814 1950 οὐρανὸν
1836 1878 1952 1931 δια-

2055 1893 2152 1947 per
2197 1893 2357 1948 quem
2392 1887 2447 1933 et
2481 1879 2649 1933 totius
2676 1879 2826 1936 orbis
2857 1880 3069 1951 linguas
3100 1891 3261 1938 notas
3291 1882 3626 1950 habuerunt,

374 1977 597 2039 λέκτους
622 1975 884 2045 ἔγνωσαν,
916 1974 1011 2027 καὶ
1040 1972 1268 2044 νεκροὺς
1295 1972 1547 2043 ἡγειραν,
1598 1971 1693 2023 κα)⁵
1720 1969 1787 2022 τὰ
1818 1968 1951 2025 ἄλλα

376 2070 655 2143 παράδοξα
675 2069 1014 2140 εἰργάσαντο.
1053 2065 1461 2138 Ἀναθεματίζω
1475 2066 1600 2128 τοὺς
1623 2063 1723 2127 τάς
1751 2063 1847 2117 ἀνθ
1858 2081 1954 2135 ρω-

377 2163 536 2226 πίνας
556 2162 733 2233 ψυχὰς
760 2161 1016 2230 λέγοντας
1056 2159 1371 2232 ὁμοουσίους
1408 2152 1544 2211 εἶναι
1576 2157 1653 2228 τῷ
1684 2155 1823 2227 Θεῷ,
1860 2158 1954 2209 καὶ

377 2255 483 2307 ὑπὸ
514 2255 612 2324 τῆς
654 2252 786 2324 ὕλης
814 2251 1205 2323 καταποθῆναι,
1237 2250 1331 2303 καὶ
1373 2247 1696 2313 καθέζεσθαι
1728 2247 1821 2301 νῦν
1860 2246 1953 2301 τὸν

378 2346 529 2409 Θεὸν,
561 2346 654 2397 καὶ
676 2343 876 2407 ταύτας
892 2343 1163 2410 ἐξαντλεῖν
1190 2340 1434 2395 κάτωθεν
1456 2338 1543 2392 διὰ
1566 2338 1659 2392 τοῦ
1689 2340 1839 2411 ἡλίου
1861 2338 1954 2392 καὶ

374 2438 477 2507 τῆς
522 2437 771 2509 σελήνης,
815 2436 852 2491 ἀ
882 2436 975 2489 καὶ
1020 2435 1177 2488 πλοῖα
1220 2434 1492 2489 καλοῦσιν.
1545 2432 1953 2504 Ἀναθεματίξω

377 2526 507 2589 τοὺς
536 2527 635 2598 τὴν
672 2524 1090 2597 μετεμψύχωσιν
1118 2522 1439 2589 δοξάζοντας
1463 2523 1530 2595 ἢν
1562 2523 1716 2576 αὐτοὶ
1754 2522 1951 2577 καλοῦ-

381 2635 463 2672 σιν
501 2617 868 2689 μεταγγισμδν
887 2615 1095 2687 ψυχῶν,
1121 2618 1214 2669 καὶ
1242 2616 1368 2679 τοὺς
1386 2615 1485 2678 τὰς
1519 2615 1746 2686 βοτάνας
1768 2614 1862 2667 καὶ
1884 2614 1951 2669 τὰ.

381 2708 521 2777 φυτά
550 2708 642 2762 καὶ
667 2706 728 2760 τὺ
760 2708 901 2779 ὕδωρ
929 2706 1024 2760 καὶ
1048 2706 1118 2759 τὰ
1150 2705 1284 2761 ἄλλα
1322 2707 1517 2771 πάντα,
1557 2704 1775 2776 ἔμψυχα
1815 2701 1953 2759 εἶναι

381 2794 876 2866 ὑπολαμϐάνοντας,
900 2798 1137 2862 καὶτοὺς
1163 2796 1333 2850 ταῦτα
1363 2796 1679 2859 κόπτοντας,
1705 2795 1826 2867 ἦτοι
1867 2795 1953 2848 λέ-

383 2903 596 2956 γοντας,
624 2888 703 2949 είς
740 2889 922 2940 ἐκεῖνα
960 2887 1455 2959 μεταϐληθὴσεσθαι
1501 2887 1823 2955 φάσκοντας,
1857 2887 1952 2939 καὶ

383 2978 529 3048 ἡμᾶς
548 2976 674 3041 τοὺς
700 2978 1055 3047 Χριστιανοὺς
1088 2979 1216 3041 τοὺς
1253 2976 1325 3049 μὴ
1354 2975 1827 3048 παραδεχομένους
1853 2976 1951 3039 τὰς

383 3065 635 3130 τοιαύτας
667 3066 987 3138 μυθολογίας
1016 3066 1313 3131 καλοῦντας
1351 3065 1689 3137 Ἀπλαρίους.
1728 3064 1946 3118 Ἀναθε-

2054 1988 2119 2026 ac
2150 1978 2397 2025 mortuos
2438 1971 2810 2036 suscitarent,
2841 1971 3059 2044 aliaque
3103 1973 3370 2029 miracula
3415 1976 3628 2045 operati

2054 2069 2202 2118 sunt.
2242 2062 2658 2117 Anathematizo
2695 2078 2791 2118 eos
2822 2065 2916 2134 qui
2950 2064 3218 2120 humanas
3261 2067 3472 2125 animas
3518 2067 3628 2125 Deo

2052 2148 2556 2206 consubstantiales
2601 2150 2821 2217 dicunt,
2863 2160 2918 2207 et
2961 2169 2990 2207 a
3036 2156 3264 2209 materia
3310 2157 3625 2223 absorberi,

2054 2257 2310 2312 nuncque
2338 2240 2533 2297 sedere
2571 2240 2741 2297 Deum
2787 2257 2853 2297 ac
2893 2257 2986 2297 eas
3019 2244 3241 2299 haurire
3276 2245 3343 2299 ab
3374 2247 3485 2301 imo
3531 2265 3629 2317 per

2054 2340 2223 2394 solem
2246 2347 2299 2393 et
2329 2339 2534 2401 lunam.
2567 2353 2689 2408 quae
2717 2339 2879 2394 etiam
2906 2338 3120 2410 navigia
3152 2353 3368 2397 vocant.
3395 2342 3631 2401 Anathe—

2053 2432 2251 2486 matizo
2294 2446 2389 2487 eos
2418 2430 2511 2501 qui
2546 2431 3057 2502 metempsychosim
3104 2432 3419 2503 admittunt,
3461 2452 3628 2507 quam

2054 2524 2158 2594 ipsi
2191 2523 2475 2578 nominant
2513 2524 2817 2577 animarum
2862 2523 2929 2578 de
2964 2539 3090 2578 vase
3126 2526 3180 2578 in
3214 2542 3312 2581 vas
3344 2527 3629 2598 migratio-

2053 2632 2217 2671 nem:
2261 2624 2521 2687 praeterea
2564 2632 2658 2672 eos
2697 2616 2786 2685 qui
2834 2615 3055 2681 herbas,
3111 2617 3363 2687 plantas,
3406 2635 3625 2691 aquam,

2053 2719 2356 2779 cmteraque
2397 2710 2583 2763 omnia
2627 2716 2821 2778 putant
2862 2724 2984 2764 esse
3045 2710 3317 2774 animata,
3366 2711 3629 2777 aiuutque

2053 2817 2242 2856 eorum
2267 2809 2510 2856 sectores
2552 2809 2646 2853 aut
2675 2789 2997 2855 collectores
3030 2799 3087 2852 in
3129 2800 3218 2853 illa
3261 2809 3631 2858 transmutan-

2054 2891 2188 2959 dos;
2225 2908 2326 2947 nos
2356 2900 2536 2946 autem
2562 2891 2930 2952 Christianos.
2962 2891 3057 2962 qui
3110 2891 3424 2962 bujusmodi
3470 2894 3630 2950 fabu-

2055 2985 2203 3039 losos
2233 3000 2514 3039 sermones
2545 2985 2767 3038 minime
2800 2984 3118 3054 recipimus,
3159 2986 3433 3054 appellant
3478 2985 3615 3041 Sim.

2056 3076 2245 3147 plices.
2271 3076 2682 3131 Anathematizo
2711 3090 2806 3131 eos
2841 3082 2954 3129 tum
2986 3076 3078 3145 qui
3107 3076 3419 3130 inliciantur
3448 3079 3630 3133 carnis

389 3157 598 3230 ματίζω
624 3159 750 3221 τοὺς
766 3157 1133 3230 ἀρνουμένους
1155 3156 1251 3229 τὴν
1272 3157 1378 3212 τῶν
1398 3158 1615 3230 σαρκῶν
1631 3156 1948 3219 ἀνάστασιν,

2055 3170 2545 3236 resurrectionem;
2592 3176 2707 3221 tum
2741 3167 2834 3238 qui
2879 3167 3335 3222 inhumanitatem
3393 3169 3625 3234 docent,

385 3249 477 3305 καὶ
518 3250 640 3312 τοὺς
667 3248 1057 3320 ἀπανθρωπίαν
1097 3248 1466 3312 διδάσκοντας,
1499 3248 1593 3301 καὶ
1628 3248 1700 3319 μὴ
1739 3264 1951 3318 συγχω-

391 3338 616 3411 ροῦντας
632 3337 868 3392 δίδοσθαι
886 3337 1099 3408 πένησι,
1117 3337 1350 3401 καὶτοὺς
1365 3338 1426 3390 rb
1442 3338 1783 3402 αὐτεξούσιον
1806 3340 1955 3391 ἀναι-

390 3430 734 3503 ροῦντας,καὶ
749 3431 822 3502 μὴ
836 3430 918 3499 ἐφ’
930 3433 1061 3501 ἡμῖν
1073 3426 1210 3485 εἶναι
1225 3430 1479 3499 λέγοντας
1492 3431 1553 3482 τὸ
1569 3426 1703 3482 εἶναι
1720 3430 1903 3493 καλοῖς
1918 3431 1952 3501 ἦ

387 3526 599 3588 κακοῖς,
618 3524 848 3588 καὶτοὺς
863 3523 1162 3595 βρωμάτων
1174 3522 1472 3593 ἀπέχεσθαι
1503 3522 1951 3594 προστάττοντας,

386 3616 422 3673 ἀ
438 3619 467 3669 ὁ
482 3617 611 3681 Θεὸς
627 3616 837 3670 ἔκτισεν
852 3618 931 3681 είς
948 3614 1265 3687 μετάληψιν.
1286 3613 1688 3685 ’Λναθεματίζω
1701 3614 1825 3677 τοὺς
1842 3615 1955 3678 τοῖς

387 3711 605 3774 οἰκείοις
629 3709 808 3783 οὔροις
837 3710 1061 3772 ἑαυτοὺς
1094 3708 1424 3779 μιαίνοντας,
1452 3708 1546 3761 καὶ
1580 3707 1652 3779 μὴ
1696 3706 1958 3778 ἀνεχομέ-

389 3819 510 3865 νους
538 3801 636 3865 τὰς
678 3802 950 3873 ῥυπαρίας
986 3799 1165 3854 αὐτῶν
1196 3799 1351 3853 ὕδατι
1390 3784 1737 3863 ἀποπλύνειν,
1764 3798 1851 3850 ἵνα
1882 3798 1955 3869 μὴ

392 3893 644 3967 ῳλυνθῇ,
664 3894 817 3962 φασὶ,
848 3894 907 3946 τὸ
928 3890 1090 3963 ὕδωρ.
1124 3890 1524 3962 Ἀναθεματίζω
1541 3890 1665 3952 τοὺς
1682 3888 1780 3959 τὴν
1808 3888 1958 3959 παρὰ

389 3985 549 4057 φύσιν
577 3984 962 4056 ἀσχημοσύνην
997 3985 1497 4057 κατεργαζομένους
1517 4023 1531 4047 ,
1560 3984 1620 4037 οὐ
1664 3984 1822 4054 μόνον
1862 3983 1958 4036 ἄν·-

387 4078 540 4147 δρας,
573 4076 707 4131 ἀλλά
734 4077 827 4132 καὶ
859 4078 1141 4145 γυναῖκας,
1176 4076 1267 4129 τὸν
1292 4076 1348 4129 δὲ
1385 4077 1560 4148 γάμον
1587 4075 1958 4146 ἀποϐαλλομέ-

389 4185 531 4242 νους,
560 4169 653 4222 καὶ
675 4169 776 4238 τῆς
804 4168 1194 4239 νενομισμένης
1218 4168 1352 4237 πρὸς
1368 4167 1467 4231 τὰς
1484 4171 1749 4237 γυναῖκας
1774 4184 1960 4220 συνου-

392 4261 511 4325 σίας
549 4261 936 4333 ἀπεχομένους,
966 4261 1053 4315 ῖνα
1096 4259 1169 4331 μὴ
1198 4259 1646 4332 παιδοποιὴσωσι,
1682 4259 1837 4328 φασὶ,
1868 4259 1960 4312 καὶ

389 4354 567 4426 ψυχὰς
593 4357 671 4418 είς
692 4355 781 4408 τὸν
812 4354 1067 4427 βόρϐορον
1094 4353 1203 4407 τῶν
1230 4352 1581 4425 ἀνθρωπίνων
1610 4353 1799 4424 ψυχῶν
1829 4370 1961 4407 κατ-

391 4450 682 4519 ἀγάγωσιν.

2055 3277 2154 3316 nec
2181 3259 2484 3317 concedunt
2512 3259 2810 3331 quidquam
2846 3260 2963 3315 dari
2995 3242 3359 3332 pauperibus;
3395 3269 3508 3314 tum
3532 3260 3627 3331 qui

2055 3354 2256 3407 tollunt
2276 3354 2505 3407 liberum
2530 3354 2840 3417 arbitrium,
2878 3354 3345 3424 pronuzztiantque
3370 3368 3475 3405 non
3505 3368 3628 3410 esse

2056 3444 2111 3496 in
2152 3452 2341 3499 nostra
2372 3452 2641 3513 potestate
2681 3454 2738 3499 ut
2787 3445 2911 3498 boni
2950 3453 3043 3498 aut
3084 3444 3210 3497 mali
3260 3445 3453 3508 simus,
3509 3452 3625 3499 tum

2057 3537 2149 3606 qui
2185 3537 2507 3606 praecipiunt
2552 3536 2828 3591 abstinere
2870 3537 3028 3602 cibis,
3078 3552 3216 3607 quos
3261 3536 3406 3592 Deus
3445 3544 3502 3590 ut
3535 3553 3629 3592 su-

2057 3638 2273 3683 mantur
2298 3629 2523 3682 creavit.
2556 3628 2970 3683 Anathematizo
3000 3643 3094 3682 eos
3119 3630 3211 3697 qui
3247 3645 3305 3682 se
3347 3643 3443 3682 sua
3470 3630 3629 3685 urina

2063 3719 2370 3785 sordidant,
2406 3734 2505 3774 nec
2531 3720 2804 3775 sustinent
2826 3734 2965 3789 aqua
2995 3735 3124 3773 suas
3152 3719 3341 3773 sordes
3373 3719 3591 3773 abluere
3611 3758 3626 3782 ,

2058 3826 2146 3873 ne,
2178 3811 2451 3881 inquiunt,
2490 3826 2629 3883 aqua
2660 3811 2954 3880 polluatur.
2982 3808 3395 3866 Anathematizo
3418 3825 3511 3863 eos
3533 3810 3629 3879 qui

2058 3910 2267 3958 natura:
2308 3904 2639 3957 contrariam
2686 3902 3080 3972 turpitudinem
3132 3906 3466 3971 perpetrant,
3519 3917 3628 3956 non

2059 3997 2233 4052 solum
2267 3997 2434 4059 viros,
2455 3996 2548 4050 sed
2578 4003 2632 4049 et
2661 3994 2920 4062 feminas;
2955 3996 3173 4064 nuptias
3203 4012 3330 4050 vero
3350 3994 3626 4063 r.~jiciunt,

2058 4097 2111 4144 et
2150 4088 2387 4158 legitima
2419 4102 2541 4141 cum
2566 4087 2885 4141 mulieribus
2909 4086 3305 4141 consuetudine
3330 4087 3625 4150 abstinent,

2058 4200 2126 4238 ne
2144 4184 2348 4238 liberos
2365 4182 2685 4252 suscipiant,
2704 4182 2975 4250 inquiunt,
2991 4181 3309 4250 animasque
3321 4180 3386 4234 ad
3408 4196 3626 4235 C(enum

2060 4276 2423 4330 humanarum
2450 4275 2759 4329 animarum
2800 4272 3091 4328 deducant.

474 4515 874 4611 ’Ᾱναθεματίζω
900 4539 992 4593 καὶ
1018 4538 1435 4610 καταθεματίζω
1460 4538 1667 4601 πάντας
1692 4538 1816 4600 τοὺς
1836 4538 1954 4591 Μα-

2126 4517 2213 4573 111.
2256 4518 2611 4575 Anathemate
2658 4524 2713 4572 et
2758 4515 3117 4571 catathemate
3162 4516 3407 4585 percutio
3437 4529 3629 4569 omnes

392 4633 649 4701 νιχαίους,
683 4634 777 4686 καὶ
821 4632 889 4685 τά
932 4630 1136 4683 τούτων
1181 4631 1507 4702 φρονήματα
1556 4630 1650 4683 καὶ
1694 4629 1955 4700 δόγματα,

396 4722 491 4777 σὺν
532 4723 721 4785 αὐταῖς
759 4721 956 4791 ψυχαῖς
996 4736 1057 4772 τε
1087 4721 1181 4773 καί⁵
1210 4718 1444 4790 σώμασι,
1468 4720 1562 4773 καὶ
1603 4719 1672 4773 τά
1719 4719 1957 4790 μυσαρὰ,

394 4815 487 4873 καὶ
517 4814 817 4886 ἀκάθαρτα,
853 4815 946 4868 καὶ
974 4812 1226 4883 γοητείας
1254 4812 1434 4884 πλήρη
1469 4814 1761 4883 μυστήρια,
1786 4810 1961 4865 καὶτὸ

394 4905 723 4975 καλούμενον
765 4905 942 4959 αὐτῶν
988 4905 1170 4975 Βῆμα,
1210 4904 1304 4957 καὶ
1348 4903 1524 4957 πάντα
1573 4903 1672 4957 ὅσα
1718 4900 1960 4956 τελοῦσιν

394 4996 587 5059 ἀθέως,
617 4996 653 5052 ἃ
686 4998 804 5059 ταῖς
847 4998 1229 5067 Μανιχαῑκαῖς,
1265 4993 1462 5066 μᾶλλον
1496 4994 1553 5048 δὲ
1588 4996 1961 5065 γοητευτικαῖς

394 5086 573 5147 αὐτῶν
620 5088 927 5157 περιέχεται
966 5088 1208 5158 βιϐλίοις.
1242 5085 1645 5157 Ἀναθεματίζω
1688 5086 1865 5141 πάντα
1892 5085 1961 5143 τὰ

394 5181 638 5251 δόγματα
666 5180 760 5232 καλ⁸
790 5179 1188 5251 συγγράμματα
1215 5180 1309 5233 τοῦ
1331 5178 1623 5243 Μάνεντος,
1646 5179 1739 5235 καὶ
1765 5178 1825 5231 rb
1851 5177 1959 5233 τῶν

409 5271 779 5327 Ἐπιστολῶν
807 5270 969 5327 αὐτοῦ
1001 5272 1220 5341 βιϐλίον,
1249 5274 1343 5327 καὶ
1364 5272 1542 5336 πάσας
1569 5271 1667 5336 τὰς
1692 5273 1961 5342 Μανιχαῖ-

396 5363 498 5426 κάς
544 5361 783 5433 βίϐλους·
829 5356 939 5415 οἷον
986 5364 1047 5416 rb
1088 5365 1403 5437 νεκροποιὸν
1445 5363 1593 5435 αὐτῷ
1623 5362 1736 5435 (75)
1768 5366 1960 5432 Ebur-

395 5454 615 5528 τέλιον,
645 5455 781 5524 ὅπερ
824 5451 936 5514 ζῶν
976 5454 1227 5510 καλοῦσι’
1276 5458 1370 5510 καὶ
1411 5456 1503 5511 τὸν
1550 5455 1819 5527 θησαυρὸν
1865 5454 1960 5508 τοῦ

398 5546 647 5612 θανάτου,
670 5546 729 5599 ὃν
755 5545 970 5614 λέγουσι
995 5547 1307 5615 Θησαυρὸν
1327 5547 1474 5617 ζωῆς
1492 5566 1506 5581 ο
1532 5550 1626 5602 καὶ
1653 5548 1750 5621 τὴν
1777 5548 1963 5602 καλου-

401 5638 567 5712 μένην
599 5640 957 5707 Μυστηρίων
990 5638 1189 5710 βίϐλον,
1218 5640 1275 5693 ἐν
1364 5640 1688 5711 ἀνατρέπειν
1724 5640 1960 5713 πειρῶν-

472 5815 584 5888 (73)
622 5813 809 5885 Αὐτῷ.
840 5812 968 5889 Leu.
996 5812 1192 5874 αὐτῶν.
1217 5813 1421 5875 Com.

2062 4613 2405 4676 Manichaeos,
2439 4626 2735 4680 eorumque
2775 4608 3072 4664 sententias
3114 4615 3167 4662 et
3195 4607 3469 4677 dogmata,
3501 4620 3626 4661 cum

2060 4708 2197 4778 ipsis
2238 4705 2525 4760 animabus
2553 4711 2605 4758 et
2634 4702 2977 4772 corporibus,
3010 4707 3062 4755 et
3102 4698 3485 4761 abominanda,
3521 4699 3627 4752 im-

2060 4816 2197 4871 pura
2242 4796 2750 4870 praestigiarumque
2795 4793 2953 4863 plena
2982 4791 3257 4863 mysteria,
3291 4796 3344 4843 et
3371 4798 3626 4845 vocatum

2058 4894 2277 4948 illorum
2308 4889 2503 4956 Bema;
2536 4889 2828 4957 omniaque
2857 4900 2976 4955 qua:
3014 4884 3177 4954 impie
3206 4890 3631 4953 peragunt,qua)

2061 4984 2117 5039 in
2149 4982 2523 5047 Manichaicis,
2556 4981 2727 5050 magis
2758 4986 2936 5032 autem
2964 4976 3397 5046 prmstigiatoriis
3436 4990 3629 5030 eorum

2060 5077 2215 5135 libris
2257 5077 2621 5131 continentur.
2652 5067 3067 5124 Anathematizo
3108 5083 3298 5121 omnes
3341 5065 3630 5135 opiniones

2061 5184 2125 5224 ac
2172 5169 2342 5224 libros
2387 5165 2637 5229 Manetis,
2670 5172 2832 5233 atque
2862 5159 3226 5229 Epistolarum
3279 5157 3426 5210 illius
3469 5156 3627 5209 volux

2060 5277 2207 5325 meu,
2240 5266 2547 5328 cunctaque
2577 5255 2778 5324 scripta
2809 5251 3143 5306 Manichaica
3178 5269 3192 5307 :
3224 5249 3392 5303 veluti
3430 5248 3627 5301 morti.

2060 5354 2235 5408 ferum
2276 5365 2464 5407 eorum
2506 5346 2847 5417 Evangelium
2878 5387 2893 5412 ,
2923 5343 3067 5414 quod
3096 5343 3267 5397 vivum
3309 5340 3626 5410 appellant;

2063 5461 2125 5500 ac
2152 5444 2492 5499 Tbesaurum
2524 5439 2739 5503 mortis,
2772 5454 2931 5508 quem
2960 5437 3150 5491 dicunt
3184 5434 3507 5487 Thesaurum
3548 5431 3627 5485 vi-

2063 5547 2159 5601 ta»;
2189 5547 2242 5592 et
2270 5536 2466 5591 librum
2499 5533 2661 5588 titulo
2694 5531 2747 5584 Μ
2754 5530 3087 5600 ysteriarum,
3123 5529 3179 5581 in
3211 5541 3319 5596 quo
3358 5526 3527 5594 legem
3561 5540 3629 5583 ao

2061 5629 2353 5703 prophetas
2380 5635 2623 5685 evertere
2649 5626 2931 5690 nituntur;
2962 5629 3016 5678 et
3052 5621 3250 5676 librum
3282 5617 3627 5695 Apocrypho.
