4022 6274
461 381 597 438 ιισῖ

1323 379 1382 436 S’.
1423 377 1817 435 CLEMENTIS
1857 376 1875 430 1
1914 375 2080 432 ROM.
2122 377 2322 437 PONT.
2359 377 2587 436 OPERA
2623 379 2850 437 DUBIA.

3569 374 3720 432 “68

453 501 597 556 funt,
627 503 680 549 et
736 492 901 547 aium
944 493 1488 555 Commentariorum;
1523 491 1652 552 item
1699 487 1770 544 ab
1808 485 1925 543 Ada
1972 497 2060 549 et,

2147 507 2216 543 ται
2249 491 2417 562 νόμον
2443 491 2536 545 καὶ
2564 493 2845 564 προφήτας
2867 506 2880 519 ’
2913 488 3007 542 καὶ
3031 488 3130 560 τὴν
3154 487 3262 541 τῶν
3301 486 3714 554 Ἀποκρύφωνο

455 565 748 639 Adimanto
786 585 1157 654 conscriptum
1203 585 1464 643 adversus
1513 582 1752 652 Moysem
1797 579 2031 650 prophe-

457 683 654 746 tasque
689 676 860 744 alios;
895 690 993 730 nec
1043 689 1152 729 non
1205 675 1404 729 librum
1452 672 1645 744 Agapii
1677 670 2029 742 Hcptalogum

458 768 700 832 nomine,
729 765 1146 837 Aristocritique
1175 764 1322 835 Opus
1364 764 1508 834 quod
1546 763 1942 832 Theosophiam,
1975 759 2030 814 id

458 869 563 923 est,
595 860 690 932 Dei
717 859 1036 931 sapientiam
1068 858 1379 928 inscripsit;
1411 858 1464 911 in
1496 871 1603 926 quo
1623 854 1911 911 ostendere
1939 867 2032 908 co-

459 964 622 1008 natur
647 952 1010 1016 Judaismum,
1042 951 1439 1022 paganismum,
1471 947 1957 1004 Christianismum
1978 952 2032 1002 et

459 1043 913 1101 Manichaismum
960 1058 1126 1097 unum
1170 1057 1294 1097 esse
1335 1039 1589 1110 idemque
1615 1038 1839 1108 dogma;
1867 1046 2034 1106 utque

457 1136 761 1207 probabilia
782 1136 1032 1192 videatur
1063 1134 1268 1200 dicere,
1302 1133 1572 1188 Manetem
1599 1145 1818 1202 quoque
1856 1128 2034 1199 arguit

457 1235 718 1298 tanquam
765 1227 991 1281 malum.
1031 1225 1339 1280 Anathema
1380 1231 1435 1281 et
1477 1224 1786 1280 catathema
1812 1221 2034 1293 profero

458 1309 722 1375 adversus
775 1333 963 1374 omnes
1010 1317 1362 1385 Mauichzeos,
1392 1332 1582 1372 omnes
1614 1330 1806 1371 eorum
1835 1315 2031 1378 libros,

456 1424 650 1463 onmes
680 1423 890 1478 preces,
911 1407 1020 1461 imo
1047 1408 1374 1478 praestigias,
1407 1423 1600 1462 omnes
1622 1421 1812 1462 eorum
1841 1403 2032 1469 duces,

456 1501 768 1570 magistros,
803 1499 1109 1569 episcopos,
1133 1500 1518 1569 presbyteros,
1554 1499 1780 1562 electos,
1807 1497 2033 1560 electas,

459 1591 757 1649 auditores,
791 1589 1118 1659 discipulos,
1149 1605 1272 1643 cum
1311 1589 1599 1643 animabus
1616 1595 1669 1643 et
1688 1586 2033 1657 corporibus,

459 1681 733 1751 impiaque
773 1681 1086 1736 traditione.
1122 1681 1538 1736 Anathematizo
1568 1687 1777 1751 patrem
1807 1677 2037 1733 Manetis

457 1771 758 1838 Patecium,
791 1781 851 1828 ut
871 1773 1185 1828 mendacem
1209 1781 1261 1827 et
1280 1773 1545 1828 mendacii
1564 1780 1772 1842 patrem
1796 1789 1810 1838 ;
1845 1769 2035 1825 itidem

2131 585 2223 638 καὶ
2249 585 2350 657 τὴν
2373 584 2479 637 τῶν
2526 581 3157 653 Ἀπομνημονευμάτων
3177 599 3190 611 ·
3221 580 3315 633 καὶ
3340 579 3437 649 τὴν
3463 595 3720 649 γεγραμ-

2135 675 2301 747 μένην
2340 676 2474 746 Ἀδᾳ
2511 675 2604 729 καὶ
2645 674 2993 745 Ἀδειμάντῳ,
3025 672 3164 726 κατὰ
3181 668 3449 733 Μωῦσέως
3481 671 3575 723 καὶ
3601 670 3715 722 τῶν

2131 767 2304 823 ἄλλων
2351 766 2645 838 προφητῶν
2663 783 2675 797 ·
2725 767 2819 820 καὶ
2864 766 2971 836 τὴν
3008 763 3302 834 λεγομένην
3346 759 3718 828 Ἑπτάιιογον

2145 860 2404 928 Ἀγαπίου
2421 877 2434 889 ·
2463 861 2557 913 καί¹
2583 858 2680 929 τὴν
2709 857 3108 929 Ἀριστοκρίτου
3135 853 3333 926 βίϐλον,
3351 855 3415 924 ἣν
3443 851 3716 921 ἐνέγραψε

2136 949 2490 1018 Θεοσοςρίαν,
2519 949 2576 1001 ἐν
2671 948 2926 1018 πειρᾶται
2950 944 3219 998 δεικνύναι
3249 942 3339 996 τὸν
3381 941 3717 1011 Ἰουδαῖσμὺν
3776 990 3786 1000 ,

2131 1039 2348 1093 καὶτὸν
2388 1038 2734 1110 Ἐλληνισμὸν
2775 1039 2870 1092 καὶ
2907 1038 2997 1090 τὸν
3031 1033 3454 1108 Χριστιανισμὺν
3497 1035 3592 1086 καὶ
3619 1033 3716 1087 τὸν

2132 1129 2512 1200 Μανιχαῖσμὺν
2543 1129 2601 1183 ἓν
2629 1123 2770 1182 εἶναι
2801 1128 2895 1182 καὶ
2922 1127 2982 1181 τὸ
3011 1126 3141 1180 αὐτὸ
3168 1126 3362 1196 δόγμα,
3390 1125 3484 1177 καὶ
3513 1124 3598 1177 ἵνα
3621 1141 3717 1176 πι-

2135 1223 2274 1278 θανὰ
2317 1222 2443 1298 δόξῃ
2478 1223 2675 1292 λέγειν,
2706 1221 3042 1276 καθάπτεται
3083 1222 3180 1274 καὶ,
3209 1218 3303 1272 τοῦ
3334 1219 3607 1281 Μάνεντος
3632 1217 3716 1282 ὡς

2135 1315 2396 1387 πονηροῦ.
2434 1313 2837 1384 Ἀναθεματίζω
2887 1312 2982 1365 καὶ
3037 1309 3451 1382 καταθεματίζω
3507 1310 3716 1373 πάντας

2134 1409 2262 1471 τοὺς
2290 1407 2646 1478 Μανιχαίους,
2679 1406 2773 1458 καὶ
2817 1407 2998 1457 πᾶσαν
3041 1402 3219 1456 αὐτῶν
3259 1398 3457 1472 βίϐλον,
3487 1403 3582 1466 καὶ
3610 1403 3716 1454 πᾶ-

2138 1514 2236 1551 σαν
2264 1497 2448 1569 εὐχὴν,
2483 1495 2679 1568 μᾶλλον
2706 1495 2762 1547 δὲ
2792 1493 3067 1563 γοητείαν,
3099 1493 3192 1546 καὶ
3222 1492 3430 1554 πάντας
3458 1492 3585 1553 τοὺς
3614 1492 3712 1560 ἁρ-

2136 1590 2339 1660 χηγοὺς
2367 1588 2566 1652 αὐτῶν,
2597 1588 2691 1641 καὶ
2721 1586 3088 1650 διδασκάλους,
3119 1585 3212 1638 καὶ
3239 1583 3590 1645 ἐπισκόπους,
3622 1583 3717 1644 καὶ

2136 1680 2558 1752 πρεσϐυτέρους,
2621 1679 2715 1734 καὶ
2769 1677 3076 1740 ἐκλεκτοὺς,
3137 1676 3231 1728 καὶ
3284 1674 3565 1738 ἐκλεκτὰς,
3623 1676 3718 1727 xat't

2137 1772 2430 1844 ἀκροατάς,
2461 1773 2555 1825 καὶ
2589 1770 2856 1843 μαθητὰς,
2894 1770 3029 1841 μετὰ
3059 1769 3166 1822 τῶν
3195 1767 3381 1837 ψυχῶν
3410 1767 3589 1821 αὐτῶν
3621 1769 3718 1820 καὶ

458 1865 632 1934 ipsius
651 1873 877 1920 matrem
897 1863 1211 1928 Carossam,
1233 1872 1287 1919 et
1317 1864 1625 1928 Hieracem,
1665 1861 2030 1926 Heraclidem,

2147 1865 2425 1937 σωμάτων,
2455 1865 2550 1919 καὶ
2590 1864 2691 1935 τῆς
2733 1862 2894 1916 ἀθέου
2925 1857 3718 1933 παραδόσεως.’Ᾱναθεματίζω

458 1957 830 2026 Aphthonium
851 1999 866 2020 ,
899 1958 990 2027 qui
1034 1959 1455 2012 commentarios
1485 1973 1548 2010 ac
1575 1955 1948 2026 expositiones
1977 1954 2035 2007 in

2147 1959 2225 2013 τὸν
2253 1959 2464 2030 πατέρα
2491 1957 2787 2019 Μάνεντος,
2818 1955 3102 2016 Πατέκιον,
3131 1948 3219 2006 οἷα
3239 1951 3484 2022 ψευστὴν¹
3505 1953 3598 2004 καὶ
3623 1949 3717 2004 τοῦ

459 2045 608 2100 illius
640 2047 810 2100 libros
827 2047 1297 2114 conscripserunt;
1317 2054 1369 2100 et
1397 2048 1633 2112 reliquos
1649 2047 1767 2116 ejus
1795 2044 2037 2113 discipu—

459 2137 542 2190 los
557 2153 769 2202 omnes,
805 2135 1106 2200 Sisjnnium
1138 2136 1610 2193 Manetisinsanire
1633 2150 2032 2199 successorem,

459 2229 728 2284 Thomam
759 2231 849 2298 qui
869 2227 1091 2283 Thomae
1108 2229 1312 2283 dictum
1337 2230 1683 2300 Evangelium
1706 2231 2034 2299 composuit,

458 2323 687 2384 Budam,
710 2320 1174 2385 llerman,Adam.
1222 2322 1574 2375 Adimantum
1602 2362 1615 2387 ,
1647 2321 1910 2386 Zaruam,
1939 2323 2040 2376 Ga-

458 2413 752 2477 briabium,
770 2411 1054 2481 Agapium,
1076 2411 1364 2476 llilarium,
1389 2411 1722 2483 Olympium,
1742 2413 2040 2469 Aristocri—

461 2517 597 2571 tum,
620 2507 930 2570 Salmaaum,
952 2505 1212 2573 lnnmum,
1240 2507 1483 2577 Paapim,
1510 2508 1782 2575 Baracam;
1813 2517 2041 2579 praeter-

459 2613 634 2668 eaque
689 2613 783 2652 eos
829 2597 920 2667 qui
975 2598 1181 2654 ultimis
1211 2598 1426 2654 demum
1461 2601 1800 2669 temporibus
1845 2598 2039 2654 haeresi

460 2690 1081 2763 praefuerunt,Paulum
1129 2691 1502 2762 Joannemque
1549 2690 1827 2745 Callinicas
1875 2692 2036 2760 ﬁlios,

461 2779 880 2835 Constantinum
911 2783 1001 2851 qui
1035 2792 1094 2836 et-
1121 2780 1394 2846 Silvanus,
1418 2779 1726 2835 Simeonem
1758 2783 1852 2851 qui
1881 2791 1934 2837 et
1951 2782 2043 2838 Ti-

463 2880 572 2940 tus,
597 2872 890 2928 Genesium
914 2875 1006 2944 qui
1031 2885 1083 2929 et
1101 2872 1441 2939 Timotheus,
1472 2873 1810 2936 Zachariam,
1833 2890 2044 2932 merce-

462 2967 704 3030 narium,
735 2964 1031 3037 Josephum
1079 2967 1172 3038 qui
1202 2973 1255 3021 et
1284 2964 1712 3035 Epaphroditus,
1762 2965 2041 3022 Baannem

465 3073 744 3128 spurcum,
777 3057 1025 3129 Sergium
1059 3061 1149 3130 qui
1183 3068 1236 3113 et
1268 3058 1572 3130 Tychicus;
1605 3058 1834 3128 ejusque
1871 3059 2041 3114 disci-

463 3150 623 3220 pulos
649 3150 854 3220 pariter
891 3159 945 3205 et
989 3153 1217 3206 comites
1246 3151 1535 3214 vocitatos,
1569 3149 1905 3209 Michaelem,
1935 3149 2042 3204 Ca-

463 3242 771 3304 nacarium,
806 3241 1092 3306 Joannem,
1129 3241 1490 3305 Theodotum,
1524 3238 1782 3293 Basilium
1808 3248 1861 3294 et
1890 3239 2043 3294 Zosi-
2069 3215 2111 3272 δ

463 3349 652 3400 mum;
685 3350 940 3404 quorum,
986 3334 1216 3398 scilicet,
1265 3333 1577 3402 superiores
1609 3331 1802 3402 gradu,
1836 3329 2047 3385 Notarii

464 3426 787 3495 nuncupati,
821 3425 1266 3479 abominabilium
1293 3425 1571 3494 orgiorum
1609 3424 1723 3478 sive
1763 3438 2045 3478 sacrorum

465 3533 655 3573 curam
697 3524 1070 3587 susceperant.
1103 3515 1307 3573 Praater
1335 3517 1435 3572 hos
1459 3524 1641 3571 autem
1671 3516 2040 3570 anathemati-

466 3624 533 3663 κο
562 3610 1043 3664 sceleratissimum
1073 3608 1357 3674 Carbeam,
1383 3617 1437 3663 et
1465 3608 1914 3680 generequidem
1941 3607 2046 3680 ipsi

465 3701 704 3764 aﬂinem,
745 3701 798 3754 in
829 3700 936 3754 tilia
968 3717 1096 3756 vero
1124 3717 1386 3772 generum
1411 3700 1870 3771 Chrysocherem.

2134 2051 2359 2122 ψευδοῦς
2390 2051 2624 2122 πατέρα,
2654 2049 2749 2103 καὶ
2793 2049 2892 2119 τὴν
2941 2046 3107 2102 αὑτοῦ
3159 2046 3368 2117 μητέρα
3402 2044 3717 2116 Κάροσσαν,

2138 2147 2232 2200 καὶ
2269 2147 2512 2216 Ἰέρακα,
2558 2143 2652 2197 καὶ
2687 2141 3064 2214 Ἡρακλείδην,
3114 2141 3208 2194 καὶ
3249 2137 3545 2208 Ἀφθόνιον,
3592 2136 3720 2198 τοὺς

2141 2238 2628 2310 ὑπομνηματιστὰς
2655 2237 2750 2290 καὶ
2778 2235 3049 2308 ἐξηγητάς
3077 2234 3184 2288 τῶν
3212 2233 3404 2290 τούτου
3433 2249 3721 2304 συγγραμ-

2143 2329 2344 2400 μάτων,
2391 2329 2486 2382 καὶ
2529 2328 2656 2389 τοὺς
2698 2326 2918 2390 λοιποὺς
2961 2324 3123 2378 αὐτοῦ
3166 2324 3414 2396 μαθητὰς
3456 2323 3719 2388 ἅπαντας,

2141 2421 2401 2475 Σισίννιον
2444 2419 2534 2472 τὸν
2581 2418 2822 2489 διάδοχον
2870 2418 2971 2488 τῆς
3016 2417 3208 2470 τούτου
3261 2417 3473 2488 μανίας,
3521 2416 3722 2486 Θωμᾶν

2140 2514 2230 2566 τὸν
2279 2510 2674 2581 συνταξάμενον
2713 2510 2773 2562 τὸ
2813 2512 2931 2563 κατ’
2966 2510 3127 2563 αὑτὸν
3166 2508 3453 2578 λεγόμενον
3481 2506 3724 2574 Εὐαγγέ-

2141 2608 2273 2671 λιον,
2305 2607 2524 2670 Βουδᾶν,
2562 2601 2797 2677 Ἑρμᾶν,
2827 2603 3017 2674 Ἀδάμ,
3055 2604 3417 2673 Ἀδείμαντον,
3454 2601 3721 2671 Ζαρούαν,

2142 2698 2486 2771 Γαϐριάϐιον,
2531 2697 2808 2765 Ἀγάπιον,
2835 2694 3080 2766 Ἰλάριον,
3129 2693 3443 2764 Ὀλύμπιον,
3485 2692 3724 2763 Ἀριστό-

2143 2809 2348 2863 κριτον,
2400 2789 2693 2860 Σαλμαῖον,
2740 2789 2979 2850 Ἰνναῖον,
3029 2786 3267 2850 Πάαπιν,
3321 2783 3584 2855 Βαραίαν,
3631 2784 3725 2837 καὶ

2144 2883 2366 2956 προσέτι
2395 2884 2521 2946 τοὺς
2549 2881 2798 2953 ἐσχάτοις
2828 2879 3052 2950 ὕστερον
3081 2878 3295 2948 χρόνοις
3322 2877 3732 2949 προστατήσαν-

2143 2991 2244 3037 τας
2267 2975 2365 3046 τῆς
2394 2973 2655 3044 αἱρέσεως
2682 2971 2893 3025 Παῦλον
2922 2970 3018 3023 καὶ
3057 2968 3307 3039 Ἰωάννην
3335 2969 3461 3030 τοὺς
3477 2965 3729 3020 Καλλινί-

2147 3082 2250 3135 κης
2294 3063 2509 3130 παῖδας,
2560 3064 2966 3116 Κωνσταντῖνον
3013 3061 3106 3114 τὸν
3152 3061 3247 3129 καὶ
3291 3058 3592 3119 Σιλουανὸν,
3623 3058 3727 3108 Συ-

2151 3155 2331 3226 μεῶνα
2374 3154 2466 3207 τὸν
2513 3154 2606 3208 καὶ
2656 3153 2832 3217 Τῖτον,
2871 3151 3117 3208 Γενέσιον
3164 3151 3253 3204 τὸν
3307 3151 3400 3204 καὶ
3443 3148 3727 3219 Τιμόθεον,

2146 3246 2439 3318 Ζαχαρίαν,
2472 3245 2562 3299 τὸν
2614 3244 2903 3316 μισθωτὸν,
2921 3244 3117 3315 Ἰωσὴφ
3145 3243 3234 3297 τὸν
3261 3243 3357 3296 καὶ⁵
3399 3240 3728 3311 Ἐπαφρόδι-

2145 3356 2255 3406 τον,
2289 3338 2532 3410 Βαάννην
2559 3337 2649 3394 τὸν
2681 3337 2944 3410 ῥυπαρὸν,
2975 3337 3200 3408 Σέργιον
3228 3335 3319 3389 τὸν
3347 3335 3442 3387 καὶ
3472 3331 3728 3402 Τυχικδν,

2146 3425 2241 3478 καὶ
2281 3426 2409 3488 τοὺς
2450 3425 2640 3478 τούτου
2675 3423 2922 3496 μαθητάς
2952 3425 3078 3487 τοὺς
3108 3424 3202 3477 καὶ
3234 3423 3604 3494 συνεκδήμους
3632 3422 3734 3473 αὑ-

2147 3513 2243 3569 τοῦ
2296 3515 2664 3588 καλουμένους
2715 3515 2962 3587 Μιχαὴλ,
3022 3513 3392 3586 Κανακάριον,
3455 3512 3729 3581 Ἰωάννην,

2149 3607 2420 3673 Θεόδοτον,
2449 3607 2724 3662 Βασίλειον
2769 3608 2864 3661 καὶ
2910 3599 3274 3678 Ζώσιμον,ὧν
3315 3607 3365 3660 οἱ
3403 3604 3560 3677 δῆθεν
3597 3621 3734 3676 προ-

2150 3698 2535 3771 ϐαθμιὼτεροι,
2598 3700 2834 3772 νοτάριοι
2890 3699 3000 3771 (74)
3053 3699 3565 3770 κατονομαζόμενοι,
3622 3699 3725 3766 τὴν

465 3794 574 3847 τῶν
634 3793 929 3864 βδελυκτῶν
996 3786 1195 3863 ὀργίων
1264 3791 1648 3863 ἐνεχειρίζοντο
1705 3791 2038 3861 ἐπιμέλειαν.
2074 3791 2219 3862 Πρὸς
2247 3791 2305 3846 δὲ
2336 3793 2544 3857 τούτοις
2591 3791 2968 3863 άναθεματίζω
3008 3791 3098 3845 τὸν
3137 3790 3537 3863 τρισαλιτήριον
3583 3791 3735 3861 Καρ-

468 3888 617 3949 ϐέαν,
649 3887 741 3938 καὶ
769 3884 860 3937 τὸν
891 3886 954 3936 ἐκ
981 3884 1170 3952 γένους
1199 3885 1296 3953 μὲν
1327 3883 1476 3954 αὑτῴ
1506 3882 1746 3952 ἀνεψιὸν,
1775 3883 1869 3938 ἐπὶ
1897 3883 2049 3938 παιδί
2071 3884 2126 3936 δὲ
2157 3883 2407 3955 γαμϐρὸν
2437 3885 2799 3958 Χρυσόχειρα.

542 3975 630 4030 1V.
672 3976 974 4030 Anathema
1028 3973 1449 4028 Manichaeorum
1500 3989 1621 4045 qua:
1658 3975 1916 4030 dicuntur
1944 3974 2047 4029 Ec-

468 4069 684 4136 clesiis;
736 4075 864 4123 sunt
907 4074 1089 4121 autem
1131 4067 1214 4121 ha:
1249 4085 1264 4122 :
1299 4066 1635 4134 Macedonia,
1665 4068 1780 4124 sive
1817 4069 2048 4124 Cibossa

469 4164 528 4218 in
557 4161 813 4225 Colonia;
844 4159 1050 4213 Achaia
1085 4159 1202 4228 (seu
1234 4156 1559 4222 Mananalis,
1590 4157 1900 4230 Laodicea),
1934 4159 2048 4213 sive

470 4253 668 4324 Argais
719 4266 839 4322 quae
882 4252 938 4303 in
969 4246 1164 4320 Lycia;
1191 4250 1618 4313 Colossensium,
1640 4265 1737 4304 seu
1763 4248 2050 4321 Cynocho—

469 4346 736 4408 ritarum;
769 4340 1154 4410 Ephesiorum,
1190 4340 1304 4408 sive
1331 4357 1453 4411 quae
1482 4340 1827 4410 Mopsuestiae
1857 4347 1969 4404 est;
1995 4347 2050 4396 et

471 4435 718 4491 Ecclesia
761 4432 1214 4504 Philippensium.
1247 4431 1551 4487 Anathema
1586 4432 1912 4503 negantibus
1945 4429 2050 4486 Pa-

474 4636 707 4691 rumque
745 4619 803 4674 in
836 4619 945 4674 illis
977 4620 1274 4675 visibilium
1305 4633 1369 4672 ac
1405 4617 1786 4682 invisibilium,
1819 4615 2051 4672 dicenti-

475 4708 582 4765 bus
610 4725 738 4765 vero
772 4711 951 4764 solum
992 4706 1211 4762 Patrem
1257 4708 1558 4773 cmlestem,
1588 4706 1683 4777 qui
1728 4705 1925 4761 habeat
1971 4719 2055 4760 so-

476 4802 586 4859 lam
619 4800 788 4856 futuri
820 4801 1367 4871 saeculi’potestatem,
1388 4805 1645 4869 tanquam
1679 4811 1918 4867 praesens
1947 4811 2052 4852 sas-

476 4894 662 4948 culum
685 4901 849 4963 atque
879 4893 1169 4948 universus
1196 4891 1345 4946 orbis
1377 4892 1445 4946 ab
1467 4907 1531 4946 eo
1562 4905 1673 4945 nou
1698 4891 1826 4954 sint,
1860 4889 1956 4943 sed
1987 4887 2056 4944 ab

453 4979 461 5022 -’
476 4985 529 5042 ei
561 4987 838 5040 contrario
859 4985 1002 5039 malo
1023 4983 1209 5038 mundi
1241 4984 1508 5055 principe.
1532 4983 1835 5038 Anathema
1866 4980 1934 5035 iis
1961 4979 2056 5049 qui

480 5077 814 5133 contumelia
876 5075 1097 5148 quidem
1157 5074 1399 5130 alliciunt
1460 5081 1707 5130 sanctam
1771 5071 2056 5142 Deiparam

481 5169 730 5232 Mariam,
759 5167 1018 5224 simulant
1045 5174 1227 5222 autem
1270 5181 1389 5222 eam
1437 5165 1732 5230 honorare,
1761 5178 1968 5234 proque
1995 5177 2060 5216 ea

480 5262 792 5334 intelligunt
859 5274 1154 5329 supernam
1213 5257 1576 5325 Hierusalem,
1623 5259 1679 5313 in
1731 5272 1918 5327 quam,
1976 5257 2060 5310 in-

483 5359 702 5424 quiunt,
734 5350 960 5406 intravit
990 5364 1054 5403 ac
1079 5364 1109 5404 e
1137 5364 1246 5419 qua
1277 5364 1533 5421 egressus
1555 5357 1640 5404 est
1659 5347 1960 5413 Dominus;
1993 5345 2060 5400 iis

483 5447 647 5502 etiam
695 5445 789 5516 qui
838 5441 1207 5497 venerandam
1251 5456 1472 5498 crucem
1519 5439 1807 5503 infamant,
1853 5438 2063 5509 tingunt

485 5555 616 5596 vero
649 5541 794 5594 illam
827 5539 1028 5600 colere,
1062 5543 1118 5590 at
1147 5550 1246 5607 pro
1287 5551 1348 5592 ea
1395 5533 1709 5606 intelligunt
1754 5531 2060 5595 Christum,

485 5635 603 5704 qui,
630 5633 906 5704 inquiunt,
939 5645 1136 5686 manus
1158 5629 1479 5694 extendens,
1509 5626 1691 5683 crucis
1719 5625 1947 5696 ﬁguram
1970 5623 2064 5680 de-

561 5791 673 5864 (74)
712 5787 1002 5864 Νρςάριρι,
1034 5807 1085 5842 κ.
1122 5806 1171 5846 τ.
1207 5788 1256 5845 λ.
1311 5789 1440 5862 Leg.
1490 5789 1634 5846 Petri
1672 5783 1844 5844 Siculi
1877 5781 2065 5839 Histo-

488 5858 647 5935 ria‘m,
679 5877 730 5932 p.
763 5858 850 5916 72.
899 5859 1036 5914 C01“.

2232 3977 2502 4050 Ἀνάθεμα
2533 3981 2654 4048 ταῖς
2681 3976 3001 4048 λεγομέναις
3029 3976 3137 4031 τῶν
3163 3977 3476 4050 Μανιχαίων
3507 3976 3734 4048 Ἐκκλη-

2151 4071 2310 4134 σίαις.
2343 4071 2412 4124 Αἵ
2435 4070 2578 4134 τινές
2607 4072 2745 4124 εἰσιν
2773 4063 2932 4126 αὗται
2951 4087 2964 4099 ·
2991 4070 3078 4134 ,Ἦ
3106 4070 3434 4134 Μακεδονία,
3465 4071 3583 4140 ἢτοι
3613 4071 3647 4140 ἡ
3676 4071 3734 4122 ἐν

2150 4163 2427 4234 Κολωνείᾳ
2470 4162 2715 4216 Κίϐοσσα
2737 4179 2751 4192 ·
2783 4164 2816 4233 ή
2863 4162 3053 4233 Ἀχαΐα
3083 4161 3218 4233 (75),
3249 4162 3368 4232 ἦτοι
3393 4164 3426 4233 ἡ
3458 4161 3598 4216 κατὰ
3625 4162 3731 4214 Au-

2152 4253 2274 4308 κίαν
2313 4253 2561 4325 Ἀργαῖςο
2594 4256 2627 4324 ἠ
2659 4253 3036 4317 Κολοσσαέων,
3068 4255 3186 4324 ἢτοι
3222 4255 3257 4324 ἡ
3289 4252 3726 4325 Κυνοχωρητῶνο

2151 4347 2185 4416 ἡ
2232 4346 2512 4415 Ἐφεσίων,
2543 4346 2660 4417 ἢτοι
2687 4347 2720 4418 ἡ
2753 4345 2810 4398 ἐν
2841 4345 3218 4418 Μοψουηστίᾳ,
3251 4344 3346 4398 καὶ
3391 4346 3424 4416 ἡ
3473 4345 3737 4415 Φιλιππη-

2156 4437 2303 4490 σίων.
2338 4436 2608 4507 Ἀνάθεμα
2634 4438 2746 4500 τοῖς
2778 4435 2852 4510 μὴ
2879 4436 3094 4506 λέγουσι
3122 4435 3342 4508 Πατέρα
3371 4437 3735 4509 παντοκράτο-

358 4546 360 4550 τ
471 4536 609 4583 trem
634 4526 1063 4596 omnipotentem
1089 4524 1347 4580 factorem
1379 4525 1502 4580 coeli
1534 4532 1588 4580 et
1613 4532 1791 4590 terrae,
1821 4530 2051 4578 cuncto-

2159 4545 2228 4599 ρα
2273 4527 2503 4599 ποιητὴν
2542 4527 2774 4598 οὐρανοῦ
2807 4531 2902 4583 καὶ
2927 4529 3033 4599 γῆς
3061 4530 3155 4583 καὶ
3181 4527 3289 4582 τῶν
3314 4528 3372 4580 ὲν
3397 4527 3578 4590 αὐτοῖς
3608 4530 3738 4600 ὁρα-

2152 4618 2260 4674 τῶν
2310 4637 2369 4672 τε
2413 4619 2631 4674 πάντων
2683 4622 2778 4676 καὶ
2825 4620 3090 4692 ἀοράτων,
3129 4618 3266 4677 ἀλλὰ
3313 4621 3472 4692 μόνον
3520 4622 3738 4694 Πατέρα

2158 4710 2500 4782 ἐπουράνιον,
2539 4709 2729 4782 ἔχοντα
2779 4711 2946 4783 μόνην
2986 4711 3085 4783 τὴν
3127 4709 3222 4765 τοῦ
3270 4711 3554 4782 μέλλοντος
3588 4711 3737 4777 ἐξου-

2157 4802 2300 4866 σίαν,
2321 4801 2398 4866 ὼς
2424 4801 2518 4856 τοῦ
2545 4802 2812 4874 παρόντος
2842 4801 3036 4867 αἰῶνος
3065 4801 3156 4858 καὶ
3183 4801 3278 4856 τοῦ
3306 4802 3511 4875 κόσμου
3541 4803 3736 4866 παντὸς

2159 4893 2258 4963 οὐχ
2286 4893 2377 4946 ὑπ’
2405 4891 2570 4946 αὑτοῦ
2603 4893 2931 4964 γενομένων,
2952 4892 3087 4948 ἀλλὰ
3118 4891 3223 4946 ὑπὸ
3249 4891 3345 4947 τοῦ
3379 4892 3624 4948 ἐναντίου
3651 4892 3740 4946 αὖ·

2157 4984 2235 5056 τῷ
2265 4983 2361 5037 τοῦ
2395 4983 2632 5054 πονηροῦ
2671 4985 3131 5058 κοσμοκράτορος.
3151 4985 3422 5057 Ἀνάθεμα
3445 4987 3559 5049 τοῖς
3586 4984 3738 5056 ὑϐρί-

2160 5074 2311 5141 ζουσι
2346 5075 2444 5147 μὲν
2473 5076 2572 5148 τὴν
2604 5076 2766 5145 ἁγίαν
2791 5076 3048 5130 Θεοτόκον
3079 5077 3320 5149 Μαρίαν,
3342 5076 3739 5150 προσποιουμέ-

2159 5187 2272 5232 νοις
2325 5169 2382 5222 δὲ
2426 5171 2590 5242 τιμᾷν
2639 5170 2830 5241 αὐτὴν,
2863 5170 2958 5227 καὶ
2997 5169 3208 5226 νοοῦσιν
3249 5171 3370 5226 ἀντὶ
3411 5171 3618 5243 ταύτης
3641 5171 3738 5244 τὴν

2160 5263 2272 5318 άνω
2316 5261 2686 5334 Ἰερουσαλὴμ,
2720 5264 2798 5325 είς
2829 5261 2915 5333 ἣν,
2959 5263 3114 5332 φασὶ,
3147 5258 3361 5334 εἰσῆλθε
3394 5263 3489 5317 καὶ
3521 5264 3737 5335 ἐξῆλθεν

2161 5354 2188 5407 ὁ
2221 5354 2422 5424 Κύριος
2446 5369 2460 5384 ο
2493 5354 2587 5406 καὶ
2633 5345 2744 5415 τοῖς
2785 5351 3131 5423 δυσφημοῦσι
3179 5353 3278 5424 μὲν
3320 5353 3412 5407 τὸν
3446 5352 3736 5424 σεϐάσμιον

2165 5445 2415 5516 σταυρὸν,
2462 5442 2906 5515 ὑποκρινομένοις
2957 5443 3014 5497 δέ
3074 5442 3323 5496 σέϐεσθαι
3373 5442 3587 5509 τοῦτον,
3647 5443 3738 5496 καὶ

2163 5533 2373 5588 νοοῦσιν
2419 5535 2535 5591 ἀντ’
2570 5533 2734 5589 αὐτοῦ
2778 5535 2870 5588 τὸν
2904 5535 3156 5607 Χριστὸν,
3190 5535 3249 5598 ὅς
3279 5535 3546 5600 ἐκτείνας,
3581 5533 3736 5604 φασὶ,

2163 5628 2261 5692 τὰς
2293 5632 2477 5700 χεῖρας
2512 5629 2602 5682 τὸν
2647 5629 2934 5700 σταυρικὸν
2976 5629 3144 5683 τύπον
3174 5627 3431 5699 διέγραψε
3454 5645 3469 5658 υ
3503 5628 3599 5681 καὶ
3629 5630 3738 5692 τοῖς

2227 5783 2350 5858 .(7_5)
2400 5783 2462 5838 Ἠ
2501 5784 2714 5858 Ἀχαΐα,
2750 5802 2802 5858 x_.
2836 5803 2884 5840 τ.
2924 5785 2970 5840 λ.
3003 5784 3130 5858 Leg.
3162 5782 3308 5842 Pctr.
3341 5782 3452 5840 Sic.
3487 5797 3542 5854 p.
3575 5781 3646 5838 44
3683 5788 3738 5837 et

2169 5853 2256 5917 ‘56;
2290 5853 2468 5913 Locus
2499 5855 2742 5913 mutilus.
2775 5853 2850 5912 Io.
