4036 6252
396 400 534 476 41.69

1485 399 2054 458 BECOCNITIONES.
2069 431 2132 441 -—
2151 399 2511 456 APPENDIX.

3504 405 3638 461 M70

393 513 889 586 ἀποστρεφομένοις
922 512 1020 584 μὲν
1046 510 1140 566 τοῦ
1179 512 1366 584 τιμίου
1396 514 1626 584 αἵματος
1657 517 1752 570 καὶ
1779 516 1964 587 σώμα-

2071 518 2338 588 signavit;
2368 519 2436 573 iis
2464 531 2682 588 quoque
2712 517 2807 587 qui
2845 515 3128 574 fastidiunt
3168 518 3384 590 quidem
3414 523 3633 589 pretiosi

392 623 486 668 τος
525 605 618 659 τοῦ
664 603 900 676 Χριστοῦ
938 604 1240 669 κοινωνίαν,
1272 603 1630 675 ἀποδέχεσθαι
1666 605 1724 659 δὲ
1764 606 1966 679 ταύτην

396 697 901 770 σχηματιζομένοις,
929 697 1024 750 καὶ
1053 696 1264 749 νοοῦσιν
1291 697 1414 750 ἀντὶ
1455 697 1659 767 ταύτης
1684 697 1754 750 τά
1793 699 1967 768 ῥήμα-

392 808 461 847 τα
489 791 587 861 τῆς
605 789 697 844 τοῦ
722 788 957 859 Χριστοῦ
983 787 1345 856 διδασκαλίας,
1363 781 1460 853 ὧν,
1482 790 1634 859 φασὶ,
1660 789 1968 858 μεταδιδοὺς

392 885 504 946 τοῖς
538 880 852 943 ἀποστόλοις
882 879 1065 949 έλεγε’
1098 879 1338 945 Λάϐετε,
1371 879 1609 950 φάγετε,
1643 883 1807 935 πίετε
1827 899 1841 912 ο
1873 883 1967 936 καὶ

395 973 817 1044 μυσαττομένοις
865 972 963 1043 μὲν
1007 972 1067 1025 τὸ
1097 971 1402 1042 βάπτισμα,
1432 972 1876 1044 ὑποκρινομένοις
1909 973 1967 1025 δὲ

390 1063 546 1118 τοῦτο
591 1066 720 1136 περὶ
765 1063 957 1118 πολλοῦ
1001 1063 1266 1129 τίθεσθαι,
1300 1065 1394 1117 καὶ
1435 1063 1612 1118 νοοῦσι
1659 1065 1773 1118 ἀντ’
1803 1064 1966 1118 αὐτοῦ

388 1157 482 1209 τὸν
529 1157 763 1228 Χριστὸν
807 1156 899 1210 τὸν
949 1156 1195 1225 λέγοντα,
1239 1155 1422 1226 φασὶν,
1473 1155 1554 1209 ὅτι
1591 1155 1727 1225 Ἐγώ
1755 1157 1870 1232 ειμι
1901 1154 1966 1208 τὸ

390 1247 546 1316 ὕδωρ
577 1249 643 1302 τὸ
677 1247 786 1309 ζῶν
804 1266 817 1280 ο
853 1249 948 1302 καὶ
974 1252 1084 1312 τοῖς
1108 1248 1530 1320 ὲκτρεπομένοις
1557 1248 1653 1319 μὲν
1675 1247 1772 1320 τὴν
1801 1247 1966 1301 καθο-

390 1339 546 1412 λικὴν
592 1339 934 1410 Ἐκκλησίαν,
953 1357 1004 1392 τι
1013 1341 1119 1410 μᾷν
1143 1340 1199 1393 δὲ
1227 1340 1443 1407 λέγουσι
1472 1338 1674 1410 ταύτην
1704 1340 1797 1392 καὶ
1821 1338 1969 1392 νοοῦ-

393 1448 474 1484 σιν
516 1431 629 1483 ἀντ’
657 1430 827 1500 αὐτῆς
868 1431 938 1484 τά
968 1445 1026 1481 τε
1049 1430 1155 1484 ἴδια
1203 1431 1450 1503 συνέδρια
1484 1432 1577 1485 καὶ
1612 1433 1967 1502 συνακτήρια,

391 1522 484 1575 καὶ
512 1523 758 1593 Ἰωάννην
778 1523 886 1593 (76)
903 1523 992 1577 τὸν
1009 1523 1232 1594 ἀδελφὸν
1252 1523 1460 1576 Παύλου
1475 1523 1568 1578 τοῦ
1590 1523 1971 1595 τῆςιναίρέσεως

389 1611 567 1668 αὐτῶν
594 1615 860 1688 ἀρχηγοῦ.

472 1707 741 1779 Ἀνάθεμα
769 1708 947 1761 τοίνυν
979 1708 1112 1760 πᾶσι
1146 1711 1258 1772 τοῖς
1281 1709 1610 1780 είρημένοις,
1645 1709 1738 1761 καὶ
1764 1709 1875 1770 τοῖς
1901 1707 1970 1760 τὰ

386 1801 546 1872 ὅμοια
577 1799 831 1872 φρονοῦσι
854 1817 867 1830 ο
896 1801 989 1854 καὶ
1019 1799 1476 1870 ἀποϐαλλομένοις
1505 1801 1601 1870 μὲν
1622 1799 1720 1862 τάς
1749 1797 1970 1868 Ἐκκλη-

2068 609 2352 680 sanguinis
2377 618 2432 665 et
2451 608 2700 680 corporis
2728 608 2931 664 Christi
2959 613 3418 681 communionem,
3441 628 3638 682 appro-

2068 701 2200 756 bare
2231 709 2411 756 autem
2437 715 2554 755 eam
2586 699 2924 770 conﬁngunt,
2969 709 3024 756 et
3070 702 3190 758 loco
3241 704 3388 761 illius
3433 706 3636 760 intelli-

2067 800 2202 865 gunt
2232 793 2395 848 verba
2414 791 2618 848 Christi
2638 792 2921 857 doctrinas,
2945 808 3085 864 quae,
3112 794 3384 864 inquiunt,
3415 796 3638 854 tradens

2070 887 2354 956 apostolis,
2385 886 2522 941 dixit
2557 905 2570 939 :
2603 885 2857 952 Accipite,
2897 885 3229 951 manducata,
3254 887 3409 943 bibite
3439 905 3458 942 :
3483 889 3637 944 simi-

2068 977 2194 1033 liter
2223 978 2290 1033 iis
2314 978 2406 1046 qui
2437 977 2655 1047 quidem
2687 978 2957 1047 baptisma
2987 977 3343 1044 detestantur,
3381 981 3639 1035 simulant

2069 1077 2251 1122 tamen
2275 1069 2404 1123 illud
2436 1069 2658 1139 plurimi
2689 1068 2886 1135 facere,
2923 1076 3083 1139 atque
3113 1085 3211 1139 pro
3239 1085 3304 1125 eo
3333 1071 3639 1141 intelligunt

2067 1160 2368 1226 Christum,
2395 1161 2510 1232 qui,
2542 1162 2813 1232 inquiunt,
2838 1162 3005 1216 dixit:
3026 1161 3136 1232 Ego
3169 1179 3286 1216 sum
3317 1181 3455 1234 aqua
3483 1167 3637 1229 viva;

2069 1261 2184 1307 tum
2223 1253 2291 1310 iis
2318 1253 2412 1324 qui
2449 1251 2750 1308 Ecclesiam
2775 1253 2993 1324 quidem
3023 1255 3346 1309 catholicam
3384 1271 3640 1310 aversan-

2070 1352 2180 1410 tur,
2208 1361 2327 1400 eam
2351 1360 2480 1400 vero
2507 1345 2561 1398 in
2590 1347 2766 1415 pretio
2796 1346 2996 1401 habere
3024 1347 3197 1410 aiunt,
3224 1346 3640 1417 intelliguntque

2069 1455 2169 1509 pro
2219 1439 2310 1493 illa
2357 1453 2659 1494 consessus
2689 1455 2818 1494 suos
2850 1446 3014 1509 atque
3039 1447 3366 1502 conventus,
3392 1447 3444 1495 et
3475 1439 3640 1496 Joan-

2070 1545 2194 1586 nem
2216 1529 2440 1586 fratrem
2469 1529 2626 1585 Pauli
2653 1531 2926 1587 haereseos
2959 1533 3176 1586 illorum
3207 1530 3384 1587 ducis.

2141 1707 2206 1764 V.
2249 1709 2549 1766 Anathema
2599 1726 2727 1781 ergo
2764 1712 3016 1768 omnibus
3064 1712 3248 1774 dictis,
3294 1711 3426 1766 item.
3454 1711 3520 1766 iis
3547 1711 3641 1780 qui

2074 1800 2273 1856 similia
2327 1804 2652 1872 opinantur;
2686 1814 2738 1858 et
2764 1801 3204 1858 Christianorum
3234 1819 3370 1872 quos
3403 1804 3503 1873 ipsi
3534 1801 3642 1856 Ro—

388 1893 644 1956 σίαςτῶν
672 1893 1031 1964 Χριστιανῶν,
1058 1892 1152 1957 οὓς
1180 1893 1334 1948 αὐτοὶ
1364 1892 1586 1945 καλοῦσι
1632 1891 1958 1961 Ῥωμαίουςο

2070 1910 2260 1949 manes
2288 1903 2502 1960 vocant,
2538 1895 2811 1952 Ecclesias
2843 1897 3138 1965 rejiciunt;
3169 1905 3404 1965 suntque
3450 1905 3643 1952 contu-

387 1987 481 2043 καὶ
514 1986 790 2057 ὑϐρίζουσι
827 1986 925 2057 μὲν
952 1987 1052 2057 τὴν
1099 1986 1254 2054 ἁγίαν
1305 1985 1561 2038 Θεοτόκον
1602 1984 1841 2055 Μαρίαν,
1869 1984 1963 2036 καὶ

385 2079 476 2132 τὸν
501 2079 678 2150 τίμιον
707 2079 953 2150 σταυρὸν,
977 2080 1069 2133 κα)⁸
1092 2078 1189 2141 τὰς
1219 2077 1368 2151 ίεράς
1400 2078 1633 2140 εἰκόνας,
1655 2079 1746 2130 καὶ
1765 2076 1826 2129 τὸ
1857 2093 1961 2129 σω-

384 2173 569 2242 τήριον
611 2171 895 2243 βάπτισμα
915 2190 927 2202 ⁸
959 2173 1050 2225 καὶ
1077 2169 1573 2242 ἀποστρεφομένοις
1609 2168 1707 2239 μὲν
1732 2168 1830 2238 τὴν
1853 2167 1962 2220 τῶν

355 2264 544 2318 ’θείων
592 2265 901 2337 μυστηρίων
951 2263 1278 2335 μετάληψιν,
1330 2263 1591 2334 όμιραλοῖς
1638 2261 1695 2314 δὲ
1748 2259 1961 2331 βρεφῶν

385 2359 744 2430 κεκαυμένοις
785 2360 865 2423 είς
906 2358 1190 2429 κάθαρσιν,
1227 2356 1423 2428 μᾶλλον
1451 2356 1508 2409 δὲ
1541 2353 1810 2426 μολυσμὸν
1855 2351 1961 2423 ψυο

384 2450 517 2523 χῶν,
572 2451 951 2522 κεχρημένοις,
983 2450 1167 2503 καὶτὰ
1194 2449 1301 2502 ἴδια
1333 2447 1594 2520 βρώματα
1619 2447 1827 2509 τούτοις
1859 2464 1961 2500 κα-

382 2542 1065 2616 ταμιαίνουσιν.Ἀνάοεμα
1110 2545 1224 2606 τοῖς
1267 2542 1332 2613 τῇ
1380 2541 1577 2612 βρώσει
1620 2539 1727 2592 τῶν
1776 2538 1960 2609 θνησι-

385 2637 560 2710 μαίων
589 2635 998 2708 μολυνομένοις·
1027 2636 1120 2688 καὶ
1148 2637 1260 2697 τοῖς
1291 2635 1470 2687 πᾶσαν
1507 2633 1604 2702 μὲν
1634 2629 1964 2702 ἐκτρεπομέ-

383 2748 496 2794 νοις
517 2729 905 2801 Χριστιανικὴν
933 2728 1204 2798 νηστείαν,
1242 2726 1384 2780 κατά
1428 2725 1485 2779 δὲ
1524 2725 1614 2778 τὸν
1644 2723 1831 2795 καιρὸν
1862 2722 1962 2792 τῆς

381 2823 645 2894 δοκούσης
691 2823 874 2885 αὐτοῖς
905 2821 1385 2893 Τεσσαρακοστῆς,
1415 2818 1578 2889 τυροῦ
1627 2834 1684 2869 τε
1734 2817 1826 2868 καὶ
1864 2814 1965 2883 γά-

382 2915 580 2977 λακτος
621 2915 1066 2985 ἐμφορουμένοις.
1094 2911 1365 2981 Ἀνάθεμα
1404 2913 1514 2972 τοῖς
1554 2904 1962 2979 ἀρνουμένοιςῆ

383 3007 657 3062 νοθεύουσι
702 3006 772 3059 τὰ
821 3007 1060 3078 τέσσαρα
1108 3005 1200 3061 τοῦ
1241 3001 1476 3076 Χριστοῦ
1511 2999 1834 3069 Εὐαγγέλια,
1870 2997 1965 3073 καὶ

383 3100 482 3162 τὰς
525 3098 617 3150 τοῦ
667 3097 820 3166 ἁγίου
866 3081 1078 3150 Παύλου
1127 3094 1222 3148 τοῦ
1272 3095 1569 3149 ἀποστόλου
1610 3091 1924 3154 Ἐπιστολάς
1945 3107 1960 3121 ⁸

384 3191 479 3244 καὶ
507 3189 627 3242 ἀντὶ
661 3190 758 3260 μὲν
784 3187 878 3240 τοῦ
915 3187 1245 3263 δημιουργοῦ
1273 3186 1380 3240 τῶν
1410 3185 1663 3239 ἁπάντων
1690 3182 1846 3246 Θεοῦ,
1876 3200 1965 3236 σε-

383 3280 632 3351 ϐομένοις
661 3279 752 3332 τὸν
779 3278 1072 3350 λεγομένον
1101 3280 1339 3350 ἄρχοντα
1379 3277 1474 3330 τοῦ
1510 3278 1714 3348 κόσμου
1740 3276 1926 3330 τούτου
1948 3294 1961 3307 ’

383 3375 502 3429 ἀντὶ
546 3374 603 3429 δέ
645 3371 738 3426 τοῦ
780 3373 1079 3426 ἀποστόλου
1115 3372 1348 3436 Παύλου,
1371 3371 1462 3424 τὸν
1494 3371 1596 3440 τῆς
1633 3369 1968 3440 Καλλινίκης

384 3467 498 3518 υἱὸν
548 3465 757 3520 Παῦλον
790 3465 1010 3536 τιμῶσι,
1039 3465 1132 3519 καὶ
1179 3466 1306 3527 τοὺς
1358 3446 1456 3534 μέν
1502 3463 1772 3532 τέσσαρας
1803 3459 1966 3514 αὑτοῦ

387 3556 631 3628 μαθητὰς
659 3559 738 3620 είς
774 3557 941 3611 τύπον
971 3555 1078 3609 τῶν
1113 3554 1460 3624 Εὐαγγελίων
1492 3553 1820 3624 δεχομένοις,
1855 3555 1968 3615 τοῖς

382 3650 441 3702 δὲ
467 3649 672 3721 ἑτέροις
696 3649 841 3720 τρισὶ
866 3649 927 3708 τὸ
954 3649 1053 3718 τῆς
1079 3648 1307 3719 Τριάδος
1327 3644 1748 3717 ὲπιφημίζουσιν
1774 3644 1962 3715 ὄνομα.

397 3741 668 3813 Ἃνάοεμα
695 3745 806 3805 τοῖς
851 3741 1340 3812 συμφθειρομένοις
1373 3740 1571 3810 ἀδελφῇ
1605 3739 1700 3791 καὶ
1733 3736 1969 3807 πενθερᾷ

384 3837 480 3890 καὶ
511 3836 723 3906 νύμφη
759 3835 852 3888 καὶ
884 3837 994 3896 τοῖς
1021 3831 1161 3893 κα,τά
1193 3832 1291 3903 τὴν
1321 3829 1545 3903 πρώτην
1574 3828 1667 3883 τοῦ
1703 3821 1969 3882 Ἰαννουα-

383 3930 504 4002 ρίου
541 3928 726 4000 μηνὸς,
761 3929 840 3991 εἰς
870 3927 1062 4001 ἑορτὴν
1089 3926 1246 3997 δῆθεν
1286 3923 1714 3996 ἀθροιζομένοις,
1749 3920 1886 3992 μετὰ
1911 3921 1968 3972 δὲ

384 4020 485 4092 τὴν
529 4019 814 4090 έσπερινὴν
859 4018 1028 4089 μέθην
1072 4015 1493 4077 ἀποσϐεννύουσι
1526 4014 1593 4068 τὰ
1624 4013 1797 4082 φῶτα,
1834 4029 1966 4083 σαρ-

386 4112 559 4177 κικῶς
577 4129 636 4164 τε
663 4110 908 4181 ἀλλήλοις
933 4110 1391 4178 ἐνασελγαίνουσι,
1419 4108 1510 4165 καὶ
1545 4107 1810 4177 μηδεμιᾶς
1833 4103 1969 4166 ὅλως

388 4205 720 4278 φειδομένοις
758 4203 971 4272 φύσεως
1057 4201 1370 4272 συγγενείας
1389 4201 1424 4272 ἢ
1443 4199 1683 4269 ἡλικίας..
1697 4197 1967 4268 “Ανάθεμα

387 4301 498 4362 τοῖς
529 4296 794 4368 μηδέποτε
818 4295 884 4347 δι’
921 4295 1081 4365 ὅρκου
1112 4292 1482 4364 ἀληθεύουσιν,
1509 4291 1624 4347 ἀλλ’
1653 4288 1968 4359 ἐξεπίτηδες

389 4392 474 4444 ἀεὶ
515 4388 861 4460 ψευδομένοις
903 4388 995 4439 καὶ
1043 4384 1380 4456 ἐπιορκοῦσι,
1417 4383 1566 4441 κατάΔ
1584 4384 1683 4454 τὴν
1721 4380 1815 4434 τοῦ
1848 4397 1967 4451 τρι,-

391 4482 693 4554 καταράτου
749 4480 1023 4542 Μάνεντος
1075 4477 1438 4539 διδασκαλίαν,
1495 4475 1636 4528 οῦτω
1687 4473 1963 4541 λέγοντος·

389 4575 503 4627 Οὐκ
531 4551 645 4645 εἰμὶ
676 4571 1020 4640 ἄσπλαγχνος
1048 4569 1237 4640 ῶσπερ
1266 4571 1293 4622 ό
1322 4567 1572 4639 Χριστὸς,
1591 4565 1711 4620 οὐδὲ
1738 4565 1969 4635 ἀρνήσο-
2000 4551 2044 4605 Ῑ)

330 4665 334 4668 ⁴
394 4683 490 4738 μαι
535 4667 624 4720 τὸν
656 4663 1028 4738 ἀρνησάμενόν
1061 4679 1127 4733 με
1168 4660 1471 4732 ἔμπροσθεν
1501 4658 1607 4711 τῶν
1644 4655 1964 4727 ἀνθρώπων,

388 4756 523 4812 ἀλλὰ
555 4759 646 4810 καὶ
690 4757 780 4810 τὸν
825 4755 1151 4826 ψευδόμενον
1184 4750 1272 4806 διὰ
1296 4753 1394 4823 τὴν
1435 4750 1638 4804 οἰκείαν
1672 4749 1964 4819 σωτηρίαν,

391 4853 486 4908 καὶ⁵
512 4852 603 4904 τὸν
629 4851 714 4904 διὰ
745 4851 907 4920 φόϐον
937 4847 1268 4921 ἀρνούμενον
1295 4845 1393 4917 τὴν
1429 4845 1562 4902 ίδίαν
1597 4843 1796 4906 πίστιν,
1831 4841 1966 4913 μετά

391 4945 564 5016 χαρᾶς
601 4944 974 5015 προοδέξομαι,
997 4941 1120 4995 Ἐὰν
1153 4940 1209 4993 δὲ
1251 4939 1324 5010 μὴ
1351 4938 1409 5005 eg
1438 4937 1565 5008 ὅλης
1591 4935 1768 5007 ψυχῆς
1795 4934 1967 4988 ταῦτα

393 5034 574 5108 φρονῶ
603 5035 697 5088 καὶ
741 5034 901 5104 λέγω,
932 5034 1040 5105 ἐγὼ
1068 5037 1095 5088 ό
1122 5034 1287 5095 δεῖνα,
1317 5029 1451 5086 ἀλλὰ
1483 5029 1599 5100 μεθ’
1633 5028 1969 5100 ὑποκρίσεως

391 5127 620 5199 ἐποίησα
663 5128 787 5189 τοὺς
828 5127 1221 5198 προκειμένους
1253 5122 1748 5193 ἀναθεματισμοὺς,
1777 5121 1970 5180 ἀνάθε-

395 5221 471 5292 μά
504 5239 589 5292 μοι
620 5220 705 5290 εἴη
742 5220 835 5272 καὶ
865 5221 1165 5291 κατάθεμα,
1190 5219 1246 5272 ἐν
1278 5234 1336 5270 τε
1367 5215 1444 5286 τῷ
1474 5213 1568 5269 νῦν
1597 5213 1772 5275 αἰῶνι,
1793 5214 1885 5266 καὶ
1913 5215 1970 5266 ὲν

401 5313 468 5384 ιῷ
502 5313 761 5384 μέλλοντι,
796 5313 889 5371 καὶ
919 5310 1272 5383 κατακριθείη
1317 5309 1412 5363 καὶ
1460 5305 1710 5361 ἀπόλοιτο
1747 5308 1780 5377 ή
1825 5305 1968 5379 ψυχή

395 5424 517 5480 μου,
553 5406 645 5459 καὶ
677 5403 940 5476 διηνεκῶς
970 5403 1368 5475 ταρταρωθείη.

461 5499 645 5553 Ταῦτα
666 5497 758 5550 τοῦ
785 5495 1215 5568 προσερχομένου
1255 5495 1502 5564 λέγοντος
1537 5494 1621 5546 ἐπ’
1655 5493 1967 5564 ἐκκλησίας,

392 5591 650 5663 ποιοῦμεν
705 5589 865 5644 αὐτὸν
919 5588 1260 5660 Χριστιανὸν,
1293 5588 1389 5639 εἶτ’
1427 5585 1518 5640 οὖν
1564 5585 1843 5658 ἡγούμεθα
1895 5584 1971 5647 ὡς

391 5685 723 5744 ἀϐάπτιστον
753 5680 1095 5756 Χριστιανὸν,
1123 5673 1210 5734 οἶα
1244 5679 1400 5750 τυχόν
1433 5681 1547 5732 ἐστι
1584 5678 1653 5733 τὰ
1690 5677 1798 5733 τῶν
1836 5679 1970 5748 Χρι-

2064 1987 2275 2042 meliosi
2325 1987 2380 2041 in
2429 1995 2675 2042 sanctam
2707 1987 2798 2043 Dei
2828 1989 3146 2058 genitricem
3179 1987 3422 2052 Mariam,
3457 1989 3510 2042 in
3553 2006 3644 2042 ve-

2062 2080 2360 2134 nerandam
2408 2095 2648 2144 crucem,
2683 2094 2869 2135 sacras
2916 2080 3200 2150 imagines,
3239 2089 3293 2134 et
3340 2081 3639 2135 salutarem

2062 2171 2437 2240 baptismum;
2485 2171 2722 2242 denique
2769 2172 3131 2242 sumptionem
3181 2172 3399 2242 quidem
3431 2173 3645 2227 divino-

2064 2279 2183 2317 rum
2217 2265 2602 2335 mysteriorum
2650 2266 2905 2330 oderunt,
2935 2266 3210 2320 umbilicis
3251 2273 3432 2320 autem
3463 2265 3644 2319 infan-

2062 2356 2196 2410 tium
2233 2357 2534 2410 combustis
2579 2366 2808 2410 utuntur
2855 2357 2923 2409 ad
2973 2357 3278 2411 animarum
3306 2357 3642 2427 puriﬁcatio.-

2063 2465 2210 2512 nem,
2246 2464 2340 2504 seu
2392 2449 2572 2518 potius
2617 2449 3108 2519 inquinamentum,
3147 2458 3309 2520 atque
3338 2465 3467 2504 suos
3491 2449 3647 2505 cibos

2063 2539 2131 2595 iis
2170 2547 2558 2610 conspurcant.
2608 2539 2910 2595 Anathema
2958 2541 3024 2595 iis
3072 2541 3166 2612 qui
3197 2556 3296 2596 esu
3328 2541 3648 2595 morticino-

2065 2651 2186 2689 rum
2239 2650 2298 2690 se
2345 2634 2634 2704 polluunt;
2685 2635 2888 2704 quique
2935 2650 3095 2689 omne
3126 2635 3345 2704 quidem
3377 2634 3647 2689 Christia-

2063 2741 2194 2780 num
2253 2725 2523 2794 jejunium
2581 2732 2867 2794 respuunt,
2909 2733 3152 2795 tempore
3204 2740 3334 2780 vero
3385 2726 3452 2780 ab
3509 2726 3647 2795 ipsis

2063 2816 2388 2872 existimata:
2411 2815 2872 2886 Quadragesimaa,
2891 2831 3052 2871 caseo
3079 2823 3132 2870 et
3160 2817 3300 2872 lacte
3324 2832 3382 2871 se
3404 2818 3642 2886 explent.

2067 2913 2369 2967 Anathema
2400 2913 2468 2969 iis
2499 2914 2593 2983 qui
2626 2921 2721 2968 aut
2751 2921 2974 2984 negant,
3008 2920 3102 2966 aut
3131 2919 3490 2981 corrumpunt
3509 2927 3647 2982 qua-

2068 3014 2192 3061 tuor
2233 3006 2436 3062 Christi
2479 3005 2811 3076 Evangelia,
2867 3005 3153 3074 sanctique
3199 3004 3434 3073 apostoli
3483 3002 3644 3059 Pauli

2068 3096 2374 3167 Epistolas;
2408 3099 2610 3168 quique
2655 3098 2776 3152 loco
2820 3096 3039 3166 quidem
3080 3104 3404 3150 cunctorum
3434 3095 3648 3166 Opiﬁcis

2069 3189 2186 3256 Dei,
2218 3190 2404 3243 colunt
2432 3205 2555 3246 eum
2586 3189 2678 3258 qui
2716 3190 2972 3259 princeps
3000 3189 3166 3258 hujus
3192 3187 3381 3242 mundi
3405 3187 3644 3254 dicitur;

2072 3283 2192 3338 loco
2233 3298 2362 3337 vero
2398 3281 2631 3351 apostoli
2679 3279 2855 3344 Pauli,
2890 3280 3117 3334 Paulum
3151 3281 3320 3334 ﬁlium
3369 3279 3648 3334 Callinica:

2070 3372 2362 3434 honorant,
2407 3379 2461 3425 et
2495 3386 2616 3424 eum
2665 3380 2902 3440 quatuor
2943 3371 3062 3439 ejus
3090 3370 3388 3440 discipulos
3420 3371 3474 3424 in
3508 3371 3648 3440 ﬁgu-

2069 3480 2185 3518 ram
2207 3471 2445 3533 quatuor
2465 3463 2882 3533 Evangeliorum
2912 3462 3242 3532 suscipiunt,
3273 3470 3388 3516 tum
3419 3469 3648 3518 caeteros

2068 3560 2182 3608 tres
2212 3553 2498 3610 Trinitatis
2527 3553 2748 3608 nomine
2779 3553 3102 3623 insigniunt.
3127 3553 3431 3608 Anatbema
3456 3553 3522 3608 iis
3553 3553 3648 3623 qui

2069 3646 2441 3701 concumbunt
2492 3660 2616 3700 cum
2667 3660 2876 3710 sorore,
2911 3652 2965 3699 et
3014 3659 3198 3711 socru,
3238 3654 3292 3699 et
3337 3661 3514 3709 nuru;
3547 3659 3651 3699 nec

2069 3755 2179 3795 non
2218 3739 2286 3796 iis
2314 3740 2406 3810 qui
2437 3738 2615 3809 primo
2658 3737 2862 3793 mensis
2912 3735 3161 3792 Januarii
3209 3738 3299 3793 die
3342 3739 3410 3792 ad
3448 3738 3647 3792 festum

2069 3831 2411 3902 congregati,
2439 3837 2562 3902 post
2603 3829 2974 3900 vespertinam
3025 3829 3396 3884 temulentiam
3434 3829 3647 3884 exstin-

2067 3933 2241 3996 guunt
2270 3925 2495 3987 lumina,
2524 3931 2578 3978 et
2605 3923 2749 3977 inter
2777 3939 2836 3979 se
2864 3937 3029 3976 carne
3074 3921 3390 3987 lasciviunt,
3420 3936 3521 3976 nec
3550 3921 3647 3976 ulli

2069 4015 2294 4071 omnino
2345 4020 2579 4083 parcunt
2630 4013 2808 4076 sexui,
2841 4012 3260 4083 propinquitati,
3303 4012 3475 4067 aetati.
3503 4011 3650 4066 Ana-

2067 4109 2252 4162 thema
2299 4106 2367 4160 iis
2417 4105 2509 4176 qui
2559 4119 2838 4174 nunquam
2869 4104 2924 4157 in
2952 4103 3266 4172 juramento
3293 4118 3421 4157 vera
3452 4103 3648 4173 praedi-

2069 4207 2220 4264 cant,
2254 4199 2350 4253 sed
2379 4197 2447 4252 de
2476 4197 2750 4251 industria
2782 4211 2996 4266 semper
3023 4195 3364 4250 mentiuntur
3400 4209 3464 4247 ac
3496 4196 3648 4264 peje.

2069 4300 2216 4357 rant,
2245 4292 2402 4359 juxta
2442 4289 2747 4348 doctrinam
2779 4288 3013 4344 maxime
3041 4284 3363 4345 exsecrandi
3394 4285 3647 4352 Manetis,

2069 4383 2162 4454 qui
2215 4382 2296 4438 sic
2345 4381 2588 4452 loquitur
2623 4399 2639 4437 :
2675 4378 2796 4435 Non
2849 4393 2972 4434 sum
3027 4377 3442 4443 immisericors,
3502 4378 3650 4434 sicut

2069 4474 2343 4537 Christus,
2379 4487 2478 4528 nec
2503 4472 2713 4544 negabo
2740 4486 2864 4525 eum
2889 4471 2983 4541 qui
3005 4485 3090 4526 me
3116 4485 3305 4525 coram
3330 4470 3649 4528 hominibus

2073 4568 2393 4639 negaverit;
2419 4565 2664 4636 quinimo
2691 4577 2816 4618 eum
2860 4563 2954 4633 qui
2995 4563 3229 4636 propriae
3262 4564 3456 4619 salutis
3480 4579 3647 4618 causa

2073 4662 2338 4716 mentitus
2369 4659 2550 4722 fuerit,
2582 4672 2815 4728 eumque
2844 4656 2938 4728 qui
2972 4671 3068 4726 per
3091 4656 3649 4728 timoremnegaverit

2073 4770 2227 4812 suam
2259 4753 2438 4818 ﬁdem,
2465 4767 2589 4808 cum
2611 4752 2811 4824 gaudio
2840 4747 3288 4825 recipiam.Quod
3321 4747 3368 4804 si
3398 4747 3513 4802 hate
3535 4756 3647 4805 loto

2071 4861 2138 4901 ex
2171 4844 2352 4901 animo
2396 4859 2504 4898 non
2551 4843 2726 4900 sentio
2756 4858 2819 4899 ac
2849 4843 2992 4906 dico,
3029 4855 3128 4912 ego
3163 4840 3282 4906 ille,
3307 4855 3494 4895 verum
3521 4855 3646 4894 cum

2072 4935 2420 4992 simulatione
2453 4933 2775 5004 praepositos
2821 4933 3307 4989 anathematismos
3357 4930 3479 4994 feci,
3512 4929 3644 4983 mihi

2072 5030 2144 5085 sit
2171 5028 2457 5082 anathema
2487 5033 2540 5081 et
2568 5026 2893 5091 catathema,
2912 5032 3023 5077 tam
3049 5025 3102 5078 in
3130 5024 3233 5078 hoc
3254 5023 3452 5079 saeculo
3481 5036 3644 5091 quam

2073 5122 2128 5176 in
2161 5121 2364 5185 futuro,
2400 5121 2688 5187 animaque
2721 5132 2845 5176 mea
2869 5117 3260 5173 condemnetur
3291 5130 3354 5172 ac
3382 5120 3569 5186 pereat
3593 5121 3645 5169 et

2074 5213 2342 5288 perpetim
2365 5213 2420 5266 in
2449 5210 2679 5271 Tartaro
2709 5210 2993 5283 puniatur.

2143 5481 2236 5537 Ἦ.
2278 5480 2403 5536 Haec
2425 5479 2638 5534 dicente
2683 5492 2748 5533 eo
2795 5477 2888 5549 qui
2919 5475 3133 5532 accedit
3167 5490 3352 5530 coram
3384 5472 3642 5536 ecclesia,

2073 5573 2307 5627 facimus
2335 5588 2458 5627 eum
2490 5570 2885 5632 Christianum,
2915 5567 3028 5622 sive
3061 5565 3322 5619 habemus
3353 5579 3452 5633 pro
3481 5563 3644 5618 Chri-

2071 5665 2250 5721 stiano
2278 5663 2518 5720 nondum
2544 5663 2836 5735 baptizato,
2865 5659 3053 5732 quales
3082 5657 3194 5714 fere
3223 5665 3348 5714 sunt
3379 5656 3648 5717 Christia-

493 5842 605 5913 (76)
643 5842 749 5897 Καὶ
789 5841 1002 5898 Ἰωάιν.
1033 5836 1192 5894 Forte
1233 5834 1434 5908 aliquid
1471 5835 1638 5892 deest.
1671 5833 1804 5889 Vide
1829 5832 1967 5888 Petr.

2068 5847 2142 5892 e.,
2178 5846 2231 5896 p.
2262 5825 2448 5883 50.!1).
