4036 6252
490 370 617 425 1471

1350 364 1408 422 S.
1445 363 1835 423 CLEMENTIS
1869 363 1890 419 ι
1922 361 2087 418 BOM.
2126 362 2327 420 PONT.
2370 361 2597 420 OPERA
2631 363 2857 420 DUBIA.

3598 359 3741 414 M72.

484 498 680 536 norum
714 482 867 552 pueri
896 482 989 552 qui
1020 481 1332 551 baptizandi
1359 489 1521 536 sunt:
1548 479 1786 535 secunda
1816 492 1945 533 vero
1972 476 2056 533 die

2162 479 2390 533 στιανῶν
2423 479 2612 534 παιδία
2639 478 2708 532 τά
2739 478 2996 549 μέλλοντα
3028 473 3420 546 βαπτίζεσθαι·
3442 475 3509 543 τῇ
3538 472 3595 526 δέ
3620 474 3742 527 δευ-

484 575 907 631 adnumeramus
948 574 1375 637 catechumenis,
1425 573 1845 642 pronuntiantes
1888 584 2054 639 super

482 682 607 721 eum
637 666 965 730 orationem,
1008 681 1169 737 quam
1202 679 1366 734 super
1396 678 1593 734 pueros
1626 662 2053 716 catechumenos

484 759 724 814 solemus
770 758 993 814 dicere:
1028 759 1151 814 dein
1184 756 1431 827 sequenti
1475 754 1563 809 die
1603 755 1856 825 precibus
1895 768 2058 809 exor-

483 850 781 906 cismorum
810 853 1016 907 utimur
1046 872 1059 907 :
1091 852 1279 921 sicque
1309 848 1502 903 ordine
1554 846 1869 919 peragimus
1915 860 2052 900 cun-

482 949 601 997 ctos
632 942 891 1013 baptismi
921 945 1075 997 ritus.

2158 573 2292 644 τέρᾳ
2335 572 2516 644 ἡμέρᾳ
2563 574 2675 634 τοῖς
2716 569 3139 640 κατηχουμένοις
3172 563 3627 637 συναριθμοῦμεν,
3662 564 3743 618 λέ-

2159 680 2345 732 γοντες
2364 664 2451 715 ἐπ’
2482 661 2629 733 αὐτῷ
2650 662 2747 732 τὴν
2782 661 2944 732 εὐχὴν
2972 660 3037 731 ῆν
3067 661 3159 712 ἐπὶ
3176 659 3283 712 τῶν
3315 659 3738 729 κατηχουμένων

2161 755 2363 808 παίδων
2391 754 2570 825 φαμέν
2592 770 2605 784 ·
2640 753 2733 806 κα)⁸
2762 755 2828 824 τῇ
2861 752 2987 820 ἐξῆς
3018 751 3278 823 χρώμεθα
3306 754 3426 814 ταῖς
3450 749 3560 804 τῶν
3588 748 3741 821 ἐξορ-

2160 845 2371 916 κισμῶν
2413 845 2623 915 εὐχαῖς·
2679 844 2771 898 καὶ
2822 843 2993 907 οὕτως
3035 842 3341 906 ἀκολούθως
3386 839 3738 912 ἐπιτελοῦμεν

2168 938 2343 992 πάντα
2364 937 2434 991 τά
2461 938 2553 991 ἐπὶ
2578 936 2656 1009 τῷ
2686 936 3017 1007 βαπτίσματι
3046 935 3422 1006 νενομισμένα.

1231 1094 1342 1165 (Π.
1380 1096 1461 1149 Ad
1486 1095 1577 1150 lib.
1613 1113 1667 1161 v,
1693 1113 1810 1167 cap.
1835 1095 1924 1151 20.
1958 1094 2042 1167 (ea:
2069 1093 2225 1149 codd.
2252 1093 2385 1177 μεθ.
2421 1093 2545 1158 919,
2572 1091 2734 1157 1769,
2763 1092 2951 1164 2216).

551 1232 763 1305 Jupiter
804 1233 1081 1290 adinvenit
1141 1242 1313 1288 artem
1365 1235 1801 1305 navigatoriam;
1847 1233 2053 1304 Neptu-

481 1341 608 1389 nus,
640 1326 1111 1397 guhernatoriam;
1143 1323 1446 1391 Vulcanus,
1488 1326 1768 1391 fabrilem;
1802 1325 2055 1384 lEscula-

434 1424 439 1429 '
484 1417 628 1487 pius,
658 1415 953 1482 medicam;
984 1415 1197 1485 Apollo,
1231 1418 1532 1483 musicam;
1571 1417 1831 1484 Minerva,
1877 1425 2056 1473 texto-

484 1510 655 1573 riam;
705 1507 894 1572 Diana,
945 1511 1283 1574 venaticam;
1330 1508 1494 1576 Juno,
1536 1511 1825 1575 vestitum;
1866 1509 2052 1575 Ceres,

486 1600 915 1670 agriculturam;
947 1600 1260 1666 thnices,
1310 1602 1554 1666 litteras;
1600 1600 1890 1667 Homerus,
1928 1617 2057 1672 poe-

481 1690 585 1743 sim
612 1706 626 1756 ;
656 1689 804 1745 Zeno
834 1690 1068 1757 Eleates,
1097 1690 1475 1757 dialecticam;
1505 1691 1678 1746 Corax
1705 1690 2053 1762 Syracusius,

480 1781 839 1847 rhetoricam;
868 1783 1150 1847 Aristaaus,
1174 1798 1335 1853 apum
1360 1781 1633 1848 fructum;
1666 1780 2055 1853 Triptolemus,

480 1872 740 1928 frumenti
773 1875 1095 1939 sementim;
1123 1872 1291 1929 Solon
1321 1873 1673 1929 Atheniensis
1696 1882 1749 1929 et
1777 1873 2057 1945 Lycurgus

482 1960 781 2035 Spartiata,
817 1965 993 2036 leges;
1039 1965 1381 2031 Palamedes,
1418 1968 1880 2023 constructionem
1914 1968 2059 2022 litte-

480 2072 690 2119 rarum,
723 2073 1002 2121 numeros,
1046 2074 1334 2114 mensuras
1382 2068 1437 2115 et
1488 2063 1761 2131 pondera;
1794 2059 2055 2131 Egyptii,

479 2148 869 2217 geometriam;
901 2148 1195 2212 Chaldezei,
1225 2151 1575 2220 astrologiam
1618 2159 1673 2206 et
1700 2151 2057 2216 genethlialo-

481 2238 624 2308 giam
650 2255 664 2303 ;
692 2236 898 2295 Arabes
930 2255 995 2293 ac
1024 2238 1286 2312 Phryges,
1320 2242 1643 2311 augurium;
1677 2241 1813 2296 Medi
1846 2251 1899 2297 et
1927 2240 2059 2297 Per-

481 2346 577 2395 δῖε,
611 2332 863 2401 magiam,
895 2332 1201 2402 praestigias
1245 2342 1408 2403 atque
1435 2333 1791 2401 veneficium;
1824 2332 2059 2406 Tyrrhe-

480 2424 560 2487 ni,
590 2423 755 2479 urbes
790 2425 963 2479 muris
996 2423 1237 2493 cingere.

553 2516 714 2580 Nota,
748 2516 967 2585 quinam
999 2516 1311 2570 exstiterint
1356 2515 1556 2570 artium
1605 2524 1659 2571 et
1706 2516 2056 2573 scientiarum

481 2619 757 2663 auctores.
797 2608 1036 2678 Apelles,
1082 2608 1380 2673 herbarize;
1426 2607 1838 2677 Demosthenes,
1878 2610 2060 2664 rbem.

481 2702 644 2766 ricaa;
679 2700 1035 2771 Papinianus,
1066 2701 1551 2771 jurisprudentiaa;
1584 2701 1816 2757 Antinus
1843 2702 1925 2757 vel
1957 2704 2061 2756 An-

482 2796 652 2867 tylus,
684 2794 1061 2850 fabricationis
1113 2795 1461 2859 lancearum;
1491 2793 1798 2865 Eurynous,
1836 2797 2059 2866 sagitta-

488 2889 617 2953 rite;
646 2885 1026 2957 Eurydamnus
1040 2884 1558 2950 Messenios,bellici
1584 2887 1859 2953 thoracis;
1892 2886 2060 2941 Evan-

486 2980 605 3041 der,
631 2994 805 3035 ocrece
826 2987 881 3033 et
901 2978 1107 3050 clypei;
1139 2976 1440 3049 Oppianus,
1474 2979 1817 3049 piscatoria;
1850 2979 2060 3049 Tripto-

483 3071 682 3133 lemus,
700 3071 929 3127 sationis
952 3070 1117 3125 tritici
1144 3086 1157 3135 ;
1187 3068 1526 3142 Pamphilus,
1544 3072 1803 3141 picturas;
1829 3071 2055 3143 Typhis,

485 3164 747 3229 nauticas;
796 3163 994 3234 Argus,
1026 3164 1452 3219 constructionis
1500 3163 1741 3228 navium,
1772 3178 1803 3215 a
1853 3179 1961 3233 quo
2002 3172 2057 3219 et

483 3254 851 3325 Argonautm;
883 3254 1259 3320 Archimedes,
1294 3253 1639 3309 mechanicas.

2227 1229 2278 1284 1.
2331 1228 2389 1283 '0
2421 1229 2555 1292 Ζεὺς
2585 1228 2779 1300 ἐφεῦρε
2810 1228 3135 1300 πλευστικήν
3167 1226 3297 1300 (77)·
3330 1228 3614 1293 Ποσειδῶν,
3636 1249 3734 1283 κυ-

2158 1319 2486 1394 ϐερνητικήν
2512 1338 2524 1351 ·
2561 1322 2865 1391 Ἥφαιστος
2888 1363 2905 1388 ,
2955 1321 3343 1392 χαλκευτικήν·
3391 1321 3732 1393 Ἀσκληπιὸς,

2160 1414 2439 1486 ἰατρικήν·
2485 1412 2777 1476 Ἀπόλλων,
2806 1415 3099 1485 μουσικήν·
3146 1412 3362 1483 Ἀθηνᾶ,
3399 1414 3695 1485 ὑφαντικὴν
3718 1434 3732 1446 ·

2162 1507 2441 1577 Ἀρτεμις,
2477 1507 2845 1577 κυνηγετικὴν
2870 1523 2885 1537 ·
2911 1506 3078 1577 Ἥρα,
3111 1506 3422 1575 στολισμόν·
3454 1508 3737 1579 Δημήτηρ.

2157 1598 2463 1668 γεωργίαν·
2510 1598 2773 1666 Φοίνικες,
2806 1597 3107 1669 γράμματα
3130 1613 3144 1627 ·
3187 1599 3449 1669 Ὄμηρος,
3495 1598 3733 1669 ποίησιν·

2158 1690 2342 1760 Ζήνων
2383 1691 2411 1743 ὁ
2456 1690 2734 1761 Ἐλεάτης,
2769 1690 3139 1761 διαλεκτικήν·
3176 1690 3359 1762 Κόραξ
3396 1691 3424 1741 ὁ
3464 1690 3739 1760 Συρακούο

2162 1797 2293 1845 σιος,
2327 1784 2651 1853 ῥητορικήν·
2699 1784 3016 1853 Ἀρισταῖος,
3052 1782 3316 1854 μελισσῶν
3350 1783 3588 1854 καρπόν·
3614 1784 3743 1853 Τρι-

2160 1872 2443 1943 πτόλεμος,
2482 1875 2627 1928 σίτου
2679 1875 2909 1948 σπόρον·
2963 1875 3138 1929 Σόλων
3190 1874 3217 1925 ὁ
3259 1875 3535 1946 Ἀθηναῖος
3580 1877 3673 1927 καὶ
3710 1877 3740 1928 ὁ

2160 1965 2513 2037 Σπαρτιάτης
2539 1965 2872 2038 Λυκοῦργος,
2889 1967 3112 2038 νόμους·
3145 1969 3173 2020 ὁ
3200 1966 3549 2037 Παλαμήδης,
3572 1983 3742 2038 γραμι

2163 2057 2347 2128 μάτων
2380 2057 2649 2124 σύνταξιν,
2683 2058 2973 2131 ἀριθμοὺς,
3009 2060 3180 2131 μέτρα
3204 2060 3299 2113 καὶ
3326 2046 3621 2129 σταθμούς·
3646 2060 3739 2112 Λί-

2159 2147 2399 2216 γύπτιοι,
2432 2151 2798 2222 γεωμετρίαν·
2832 2152 3106 2219 Χαλδαῖοι,
3139 2151 3492 2223 ἀστρολογίαν
3524 2153 3618 2204 καὶ
3646 2169 3738 2220 γε·

2159 2240 2556 2310 νεολιαλογίαν·
2599 2243 2833 2314 Ἀραϐες
2887 2244 2981 2297 καὶ
3040 2245 3270 2316 Φρύγες,
3322 2244 3737 2297 οἱωνοσκοπίαν·

2159 2333 2331 2403 Μῆδοι
2365 2335 2457 2386 καὶ
2479 2332 2704 2403 Πέρσαι,
2732 2335 2959 2405 μαγείαν
2992 2336 3086 2387 καὶ
3117 2336 3367 2405 γοητείαν
3396 2335 3488 2388 καὶ
3522 2352 3739 2406 φαρμα-

2161 2426 2340 2479 κείαν·
2375 2427 2669 2499 Τυρῤηνοὶ,
2698 2429 2951 2499 τειχίζειν
2980 2429 3178 2492 πόλεις.

2227 2520 2281 2573 2.
2324 2520 2655 2591 Σημείωσαι,
2685 2524 2828 2584 τίνες
2850 2521 3132 2589 γεγόνασιν
3153 2522 3385 2592 ἀρχηγοὶ
3413 2520 3615 2590 τεχνῶν
3640 2520 3736 2573 καὶ

2160 2609 2477 2681 ἐπιστημῶν
2501 2627 2514 2640 ·
2560 2610 2843 2681 Ἀπελλῆς,
2886 2611 3201 2681 βοτανικῆς·
3238 2610 3603 2681 Δημοσθένης,
3638 2614 3737 2681 ρη-

2158 2702 2409 2775 τορικῆς·
2447 2702 2795 2767 Παπινιανὸς,
2831 2701 3179 2772 νομοθεσίας·
3230 2702 3465 2765 Ἀντίνος
3498 2702 3591 2771 (al.
3623 2702 3730 2754 Ἀνο

2159 2792 2358 2862 τύλος),
2393 2793 2737 2862 λογχοποιίας
2767 2793 2861 2864 (al.
2892 2794 3244 2864 λοχοποιίας)·
3276 2794 3562 2866 Εὑρύνοος,
3594 2792 3736 2857 τοξι-

2160 2884 2263 2954 κῆς
2296 2883 2388 2954 (al.
2424 2884 2754 2956 τοξοσύνης)·
2790 2884 3138 2957 Εὑρύδαμνος
3171 2888 3460 2956 Μεσήνιος,
3496 2885 3737 2958 θώρακος

2153 2976 2482 3048 πολεμικοῦ·
2532 2976 2822 3048 Εὔανδρος,
2875 2979 3132 3050 κνημῖδος
3181 2981 3274 3032 καὶ
3324 2980 3576 3044 ἀσπίδος·
3615 2981 3736 3033 ὐπ-

2164 3068 2371 3133 πιανὺς,
2435 3069 2769 3140 ἁλιευτικῆς·
2830 3072 3219 3143 Τριπτόλεμος,
3287 3076 3491 3145 σπορᾶς
3550 3073 3733 3125 σίτου·

2161 3161 2472 3241 Πάμφιλος,
2508 3163 2894 3234 ζωγραφικῆς·
2942 3164 3133 3234 Τῖφυς,
3186 3166 3473 3235 ναυτικῆς·
3513 3167 3735 3237 Ἀργοςο

2159 3252 2484 3324 ναυπηγίας,
2516 3251 2574 3319 ἐξ
2600 3246 2660 3307 οὗ
2690 3256 2783 3308 καὶ
2835 3256 3207 3327 Ἀργοναῦται·
3252 3258 3605 3331 Ἀρχιμήδης,
3630 3275 3735 3328 μη-

2160 3346 2408 3417 χανικῆς.

1790 3495 1857 3554 v.
1886 3496 1970 3550 Ad
2002 3497 2095 3555 lib.
2119 3514 2179 3565 ι,
2208 3516 2324 3569 cap.
2360 3500 2447 3557 to.

556 3630 623 3685 Et
668 3635 822 3701 pater
862 3649 876 3686 ;
910 3628 1157 3702 Ignosce,
1210 3630 1407 3701 inquit,
1461 3631 1578 3686 fili:
1614 3632 1854 3686 nondum
1910 3632 2055 3687 enim

489 3740 649 3781 usum
678 3725 905 3777 multum
956 3724 1011 3777 in
1058 3723 1145 3778 his
1175 3722 1347 3777 habeo
1384 3741 1397 3777 :
1430 3738 1555 3776 nam
1588 3731 1641 3777 et
1669 3723 1909 3777 hesterni
1942 3737 2057 3778 ser-

488 3832 678 3870 mones
703 3815 780 3868 tui
810 3811 1035 3868 veritate
1062 3815 1179 3883 ipsa
1206 3815 1593 3868 concluserunt
1620 3830 1726 3877 me,
1757 3820 1814 3866 ut
1838 3813 1934 3867 tibi
1966 3828 2059 3867 ac-

487 3906 864 3977 quiescerem;
898 3903 952 3957 in
980 3904 1315 3958 conscientia
1345 3911 1526 3958 tamen
1572 3918 1691 3958 mea
1743 3912 1869 3959 sunt
1899 3903 2056 3972 quasi

485 3996 731 4066 quazdam
762 3995 1006 4065 reliquiae
1034 3994 1286 4059 febrium,
1325 4011 1445 4065 qua:
1471 3996 1749 4065 paululum
1782 4012 1866 4051 me
1896 4012 1925 4049 a
1954 3995 2057 4050 fide

2231 3634 2341 3687 Καὶ
2373 3637 2400 3688 ό
2434 3638 2641 3709 πατήρ·
2674 3639 2952 3709 Σύγγνωθί
2985 3660 3094 3713 μοι,
3117 3637 3162 3696 ὦ
3182 3644 3399 3697 τέκνον·
3423 3646 3473 3698 οἱ
3497 3646 3598 3716 μὲν
3628 3649 3735 3721 γὰρ

2160 3726 2288 3797 χθές
2308 3746 2411 3780 »σου
2449 3729 2593 3799 λόγοι
2623 3732 2839 3803 ἀληθεῖς
2867 3734 3015 3798 ὄντες
3049 3735 3455 3805 συνελογίσαντό
3488 3757 3578 3809 μοι
3609 3758 3734 3794 συν·-

2162 3818 2347 3873 θέσθαι
2400 3824 2579 3892 σοι·ή
2634 3823 2689 3876 δέ
2735 3824 2841 3895 ἐμὴ
2878 3827 3180 3898 συνείδησις
3215 3832 3388 3901 μικρά
3434 3850 3500 3902 με
3547 3834 3733 3907 ῶσπερ

2161 3913 2393 3983 πυρετοῦ
2437 3912 2700 3986 ἔλλειμμα
2733 3917 2867 3988 πρὸς
2896 3919 3151 3974 ἀπιστίαν
3181 3922 3386 3994 βραχέα
3416 3925 3730 3995 βασανίζει·

2163 4004 2376 4059 σύνοιδα
2405 4006 2513 4079 γὰρ
2541 4008 2761 4079 ἐμαυτῷ
2788 4010 2855 4063 τά
2882 4011 2987 4081 τῆς,
3025 4014 3276 4081 γενέσεως
3296 4018 3470 4071 πάντα
3494 4037 3583 4089 μοι
3604 4021 3734 4074 ἀπο-

486 4086 643 4156 quasi
695 4100 725 4140 a
776 4088 1009 4141 sanitate
1047 4086 1367 4152 retrahunt;
1407 4087 1716 4143 discrucior
1760 4089 1903 4142 enim
1934 4089 2056 4158 quia

2158 4097 2489 4153 τελεσθέντα.
2527 4099 2696 4169 Κάγὼ
2743 4102 3160 4177 ἀπεκρινάμην·
3197 4086 3505 4179 Συννόησόν
3545 4129 3652 4181 μοι,
3686 4106 3730 4164 ὦ

487 4177 605 4233 scio
630 4177 798 4231 multa
830 4176 986 4241 mihi,
1028 4176 1138 4231 imo
1172 4191 1308 4247 pene
1334 4178 1517 4231 omnia
1554 4178 1822 4234 accidisse
1861 4195 2057 4234 secun-

486 4267 616 4323 dum
650 4268 911 4338 genesim.
940 4266 1006 4321 Et
1053 4282 1154 4339 ego
1199 4270 1455 4339 respondi
1484 4289 1497 4324 :
1526 4269 1666 4325 Audi
1694 4286 1845 4343 ergo,
1878 4280 2052 4342 pater,

486 4375 609 4432 quae
630 4362 701 4417 sit
722 4361 984 4416 mathesis
1005 4369 1221 4427 natura,
1247 4371 1301 4418 et
1332 4363 1496 4419 facito
1526 4364 1824 4421 secundum
1850 4379 1914 4419 ea
1936 4379 2056 4434 qua:

2163 4191 2356 4262 πάτερ,
2391 4190 2507 4245 οἵαν
2558 4192 2717 4261 φύσιν
2768 4193 2877 4265 ἔχει
2922 4196 2983 4249 τὸ
3034 4198 3280 4270 μάθημα,
3314 4199 3373 4266 ἐξ
3403 4197 3477 4255 ὧν
3508 4203 3615 4271 ἐγώ
3650 4221 3729 4257 σοι

2164 4281 2532 4352 συμϐουλεύω.
2568 4284 2945 4359 Μαθηματικῷ
2993 4290 3299 4361 συμϐαλὼν,
3349 4295 3469 4348 είπέ
3520 4298 3730 4369 πρῶτον

2161 4373 2309 4444 αὐτῷ
2341 4375 2419 4428 ὅτι
2451 4375 2575 4428 τάδε
2611 4394 2699 4447 μοι
2733 4376 2908 4446 φαῦλα
2942 4380 2998 4433 ἐν
3030 4382 3165 4452 τῷδε
3188 4384 3264 4454 τῷ
3282 4387 3457 4458 χρόνῳ
3475 4389 3727 4457 γέγονεν·

487 4453 612 4513 dico
646 4451 904 4508 tibi.Vide
933 4454 1398 4521 mathematicum,
1428 4464 1481 4510 et
1512 4456 1600 4511 dic
1629 4456 1678 4511 ei
1710 4456 1906 4526 primo,
1928 4457 2055 4527 quia

2160 4468 2223 4519 ἐκ
2252 4466 2397 4531 τίνος
2424 4469 2530 4540 ἄρα
2562 4487 2650 4541 μοι
2682 4470 2789 4524 τῶν
2821 4451 3498 4551 ἀστέρωνγγέγονενμαθεῑν
3519 4451 3725 4553 ἤθελον.

486 4544 617 4600 talia
640 4544 885 4614 quaedam
911 4544 1041 4597 mihi
1064 4544 1377 4599 acciderunt
1405 4546 1545 4599 mala
1572 4546 1625 4601 in
1656 4546 1748 4603 illo
1778 4554 2054 4617 tempore;

489 4635 633 4690 unde
658 4651 817 4705 ergo,
850 4644 943 4690 aut
980 4636 1285 4707 quomodo,
1324 4647 1416 4692 aut
1460 4654 1556 4709 per
1584 4655 1723 4709 quas
1752 4640 1880 4693 mihi
1917 4639 2059 4694 acci-

488 4728 670 4789 derint
712 4728 918 4791 stellas,
947 4726 1158 4783 discere
1204 4729 1347 4785 vnlo.
1380 4728 1749 4800 Respondebit
1801 4730 1899 4784 tibi
1942 4730 2059 4785 sine

489 4819 676 4897 dubio,
710 4820 838 4889 quia
871 4829 1113 4890 tempora
1147 4828 1239 4876 tua
1279 4823 1588 4879 malitiosus
1619 4824 1859 4894 suscepit
1892 4822 2055 4888 Mars,

488 4922 583 4970 aut
626 4910 931 4979 Saturnus;
987 4924 1080 4969 aut
1127 4916 1326 4985 aliquis
1363 4932 1553 4972 eorum
1599 4918 2057 4988 apocatastaticus

490 5007 626 5070 fuit;
659 5011 752 5062 aut
778 5005 978 5081 aliquis
1019 5021 1221 5063 annum
1249 5016 1401 5061 tuum
1433 5010 1645 5079 aspexit
1675 5024 1741 5063 ex
1768 5009 2054 5074 diametro,

488 5104 582 5155 aut
611 5097 959 5165 conjunetus,
988 5106 1080 5152 aut
1113 5100 1168 5153 in
1215 5105 1437 5165 centro;
1484 5101 1567 5155 vel
1608 5101 1713 5154 alia
1742 5101 1827 5156 his
1857 5102 2058 5156 similia

487 5191 882 5261 respondebit:
914 5190 1122 5246 addens
1162 5193 1288 5262 quia
1326 5194 1380 5247 in
1429 5194 1515 5249 his
1554 5194 1811 5250 omnibus
1859 5194 2057 5264 aliquis

488 5290 581 5338 aut
606 5282 905 5354 asyndetus
934 5281 1035 5336 fuit
1061 5299 1185 5338 cum
1222 5286 1387 5350 malo,
1422 5294 1516 5340 aut
1548 5286 1860 5352 invisibilis,
1893 5287 2056 5340 autin

487 5375 786 5439 schemate,
808 5382 902 5428 aut
926 5383 1081 5430 extra
1110 5376 1381 5445 hzeresim,
1406 5385 1501 5431 aut
1526 5378 1804 5443 deﬁciens,
1836 5386 1929 5434 aut
1947 5395 2057 5434 non

486 5469 831 5537 contingens,
859 5476 952 5522 aut
983 5469 1037 5523 in
1061 5471 1313 5525 obscuris
1336 5470 1542 5537 stellis;
1564 5478 1620 5526 et
1649 5471 1817 5527 multa
1840 5472 1944 5525 alia
1972 5473 2057 5529 his

487 5562 710 5629 similia,
741 5565 1040 5621 secundum
1092 5568 1332 5624 rationes
1384 5569 1637 5637 proprias
1686 5570 2052 5639 respondebit,

485 5660 541 5713 et
583 5655 650 5710 de
698 5656 930 5727 singulis
979 5660 1296 5730 assignabit.
1328 5658 1459 5715 Post
1504 5660 1650 5716 hunc
1697 5663 1862 5718 alium
1910 5664 2056 5721 adito

562 5809 675 5883 (77)
710 5812 1110 5882 Πλευστικήν.
1142 5811 1306 5871 Forte
1336 5814 1656 5884 πλαστικήν.

2160 4560 2267 4649 Καὶ
2295 4559 2410 4631 ἐρεῖ
2435 4561 2515 4614 ὄτι
2542 4564 2667 4625 τοὺς
2695 4563 2917 4635 χρόνους
2950 4570 3238 4633 κακοποιὸς
3269 4571 3533 4637 διεδέξατο
3560 4578 3728 4649 ’Δρ-ης

2160 4647 2193 4719 ἢ
2234 4649 2438 4719 Κρόνος
2469 4650 2502 4722 ἢ
2534 4651 2737 4705 τούτων
2768 4670 2851 4717 τις
2882 4654 3384 4725 ἀποκαταστατικὸς
3411 4647 3660 4731 ἐγένετο·
3692 4647 3725 4739 ἢ

2158 4739 2248 4793 τὸν
2281 4742 2520 4795 ἐνιαυτὸν
2539 4742 2724 4797 τοῦτόν
2754 4762 2838 4808 τις
2865 4746 3236 4820 ἐπεθεώρησεν
3268 4753 3332 4805 ἐκ
3364 4758 3726 4827 τετραγώνου,

2157 4830 2190 4903 ἢ
2224 4831 2536 4905 διαμέτρου,
2571 4834 2604 4905 ἢ
2636 4835 2826 4903 συνὼν,
2861 4837 2894 4908 ἢ
2928 4844 3363 4913 κεκεντρωμένος
3395 4847 3427 4919 ἢ
3463 4852 3615 4923 παρὰ
3647 4855 3728 4907 αῖ.

2158 4942 2327 4996 ρεσιν,
2361 4928 2509 5000 ὁμῶς
2553 4929 2645 4981 καὶ
2689 4928 2822 4982 ἄλλα
2856 4931 3020 5002 μυρία
3050 4934 3223 4987 εἰπεῖν
3254 4935 3365 5007 ἔχει
3389 4957 3401 4969 ·
3438 4943 3574 5013 πρὸς
3605 4947 3727 4998 τού-

2155 5036 2266 5083 τοις
2297 5020 2376 5085 δὲ,
2410 5022 2442 5092 ἢ
2477 5022 2805 5090 ἀγαθοποιός
2838 5025 2992 5097 κακῷ
3037 5027 3298 5095 ἀσύνετος
3340 5029 3429 5103 ἦν,
3463 5036 3495 5105 ἢ
3542 5037 3728 5091 ἀνεπι-

2157 5112 2445 5185 Θεὼρητος,
2474 5115 2507 5187 ἢ
2541 5116 2597 5169 ἐν
2630 5118 2943 5190 σχήματι,ἢ
2981 5121 3128 5193 παρὰ
3158 5124 3439 5198 αἴρεσιν,ἢ
3470 5129 3528 5181 ἐν
3551 5132 3726 5186 ἐκλεί-

2155 5205 2333 5277 ψει,ἢ
2386 5208 2867 5283 ἀνεπισύναφος,ῆ
2917 5214 2973 5265 ἐν
3022 5214 3290 5287 ἀμαυροῖς
3333 5219 3582 5291 ἀστροῖς·
3635 5227 3726 5278 καὶ

2154 5299 2305 5370 ὁμῶς
2350 5300 2557 5354 πολλῶν
2592 5303 2912 5374 προφάσεων
2942 5305 3135 5371 οὐσῶν,
3171 5309 3306 5378 πρὸς
3335 5309 3371 5363 ἀ
3401 5312 3599 5382 ἤκουσε
3631 5315 3725 5380 τὰς

2155 5392 2451 5459 ἀποδείξεις
2484 5396 2780 5467 παρασχεῖν
2817 5396 2949 5468 ἔχει.
2979 5399 3133 5454 Μετὰ
3162 5401 3348 5455 τοῦτον
3371 5400 3467 5458 οὖν
3498 5406 3589 5458 τὸν
3624 5424 3725 5478 μα-

2155 5486 2453 5558 θηματικὸν
2487 5488 2657 5559 ἐτέρῳ
2689 5489 3020 5561 προσελθὼν,
3053 5491 3120 5545 τά
3150 5493 3364 5549 ἐναντία
3413 5498 3534 5551 είπέ
3555 5515 3569 5528 ·
3604 5501 3721 5555 Ὀτι

2154 5578 2271 5632 τόδε
2306 5595 2394 5649 μοι
2421 5577 2484 5631 τὸ
2516 5580 2717 5649 ἀγαθὸν
2750 5582 2805 5634 ἐν
2837 5581 2970 5652 τῷδε
3004 5582 3080 5655 τῷ
3108 5585 3282 5657 χρόνῳ
3315 5587 3533 5657 γέγονε·
3570 5593 3635 5645 σὺ
3667 5592 3721 5644 δὲ

2154 5671 2244 5726 τὸν
2282 5671 2469 5745 χρόνον
2500 5673 2589 5726 τὸν
2621 5674 2780 5728 αὑτὸν
2802 5674 2923 5744 λέγε
2942 5693 2955 5707 ·
2989 5678 3207 5734 ἀπαίτει
3250 5679 3306 5733 δὲ
3348 5682 3411 5735 ἐκ
3440 5682 3585 5747 τίνος
3617 5684 3721 5757 ἀρα
