4036 6252
361 347 505 403 1475

1477 338 2050 399 RECOGNITIONES.
2083 370 2152 381 —
2179 334 2545 399 APPENDIX.

3475 351 3614 408 M74

355 464 455 536 τῆς
482 460 747 533 γενέσεως
783 458 942 515 τοῦτο
979 459 1186 530 γέγονε·
1222 456 1316 514 καὶ
1347 459 1516 530 ὅμως,
1548 458 1625 523 ὡς
1652 461 1922 531 προεῖπον1

2039 457 2508 523 mathematicum,
2538 465 2592 514 et
2618 456 2786 515 dicito
2815 462 3091 519 contraria
3113 482 3126 521 :
3146 463 3284 532 Quia
3317 467 3451 523 illud
3480 470 3614 527 mihi

356 556 491 627 ἔχει,
528 554 621 609 σοῦ
668 553 1171 624 καταψευσαμένου,
1202 550 1365 615 αὐτὸς
1394 553 1457 605 ἐκ
1484 550 1689 605 πολλῶν
1723 552 1934 624 σχημά-

354 667 463 704 των
508 649 567 701 ἓν
610 667 663 703 τι
704 645 881 720 εὑρεῖν
916 645 1100 718 σχῆμα
1121 685 1137 711 ,
1171 645 1265 699 καὶ
1304 643 1574 717 δεύτερον,
1609 644 1702 698 καὶ
1728 644 1929 716 τρίτον,

354 743 449 796 καὶ
493 740 745 805 πλείονα,
788 740 863 803 ὡς
910 739 1041 792 αὐτὸ
1083 737 1420 810 ἐνεργῆσαν,
1469 737 1588 790 ὅθεν
1636 735 1705 789 τὰ
1751 735 1933 804 ἀγαθά

354 837 470 908 ἐρεῖ
494 834 846 905 γεγενῆσθαν
883 832 1142 887 ἀδύνατον
1186 831 1295 902 γὰρ
1325 832 1382 883 ἐν
1415 830 1566 903 πάσῃ
1596 829 1805 899 γενέσει
1837 830 1943 909 ἀναν

354 927 604 999 Θρώπων,
645 928 717 1000 μὴ
769 927 826 981 ἐν
872 927 1025 1000 πάσῃ
1069 925 1187 997 ὥρᾳ
1234 925 1342 979 τῶν
1374 926 1638 997 ἀστέρων,
1672 928 1798 991 τοὺς
1833 926 1930 997 μὲν

349 1020 530 1083 καλῶς
581 1019 812 1085 κεῖσθαι,
845 1021 982 1084 τοὺς.
1018 1019 1074 1072 δὲ
1119 1018 1341 1083 κακῶςο
1378 1018 1576 1083 κύκλος
1623 1019 1732 1091 γάρ
1781 1020 1930 1073 ἐστιν

351 1113 609 1185 ίσομερὴς
654 1112 932 1176 ποικίλος,
982 1110 1241 1183 ἀπείρους
1288 1113 1426 1184 ἔχων
1464 1112 1564 1177 τὰς
1606 1112 1925 1184 προφάσεις,

348 1203 484 1274 πρὸς
514 1204 580 1267 ἃς
622 1202 850 1265 ἕκαστος
881 1205 1053 1258 εἰπεῖν
1085 1204 1197 1275 ἔχει
1230 1200 1257 1257 ὃ
1291 1203 1431 1257 Θέλει
1454 1219 1467 1235 ·
1502 1204 1562 1257 ὃν
1591 1202 1698 1275 γὰρ
1728 1204 1927 1275 τρόπον

346 1296 438 1347 ἐπὶ
487 1294 595 1347 τῶν
640 1295 806 1360 λοξῶν
856 1296 1079 1367 ὀνείρων
1123 1297 1293 1351 ἐνίοτε
1329 1296 1480 1350 οὐδὲν
1516 1295 1760 1367 νοοῦμεν,
1790 1296 1925 1348 ἀπο-

346 1385 551 1439 ϐάντων
584 1387 640 1439 δὲ
675 1388 1012 1459 οἰκειοτάτην
1044 1389 1426 1461 προσφέρομεν
1452 1388 1697 1441 ἐπίλυσιν
1717 1404 1730 1417 ·
1754 1386 1925 1451 οὕτως

344 1480 437 1532 καὶ
486 1479 545 1532 τὸ
598 1479 856 1551 μάθημα’
894 1479 999 1552 πρὸ
1045 1480 1141 1533 τοῦ
1190 1497 1243 1535 τι
1293 1479 1737 1549 ἀποτελεσθῆναι,
1772 1478 1924 1532 οὐδὲν

346 1572 512 1641 σαφὲς
542 1572 673 1641 ἡμῖν
699 1570 933 1642 μηνῦσαι
977 1570 1231 1625 δύναται·
1271 1572 1407 1643 μετά
1437 1572 1494 1626 δὲ
1520 1572 1618 1643 τὴν
1648 1571 1742 1625 τοῦ
1774 1590 1926 1641 γενο-

346 1663 505 1733 μένου
534 1662 792 1734 ἱστορίαν,
819 1664 939 1716 τότε
979 1664 1243 1736 πρόδηλος
1271 1666 1303 1734 ἠ
1339 1665 1439 1734 τῆς
1470 1663 1746 1726 ἐκϐάσεως
1777 1663 1922 1717 αἰτία

343 1754 618 1822 φαίνεται·
657 1755 913 1819 πολλάκις
944 1757 1039 1827 μὲν
1071 1753 1163 1811 οῦν
1192 1757 1240 1809 οἱ
1269 1756 1623 1827 προλέγοντες
1647 1754 1917 1819 πταίουσι,

340 1848 434 1899 καὶ
478 1845 613 1916 μετὰ
660 1847 758 1918 τὴν
807 1847 1027 1901 ἔκϐασιν
1060 1851 1285 1929 ἐαυτοὺς
1320 1850 1639 1920 μέμφονται,
1673 1849 1919 1917 λέγοντες

339 1937 421 1989 ὅτι
448 1938 566 1991 τόδε
598 1933 666 2010 ἦν
694 1938 755 1992 τὸ
782 1940 1034 2011 ποιῆσαν,
1068 1941 1162 1994 καὶ
1192 1941 1291 1993 οὐκ
1323 1941 1553 2011 εἴδομεν.
1588 1941 1662 1994 Τὸ
1697 1941 1796 2011 μὲν
1824 1938 1918 1994 οὖν

339 2029 433 2084 καὶ
480 2031 605 2093 τοὺς
654 2030 792 2113 πόινυ
844 2032 1213 2103 ἐπιστήμονας
1246 2028 1478 2095 πταίειν,
1508 2032 1713 2101 γίνεται
1741 2032 1829 2085 διὰ
1858 2035 1917 2087 τὸ

342 2122 416 2193 μὴ
465 2122 680 2190 εἰδέναι,
718 2124 794 2187 ὡς
837 2124 961 2195 χθὲς
1005 2124 1161 2195 ἔφην,
1200 2128 1326 2178 ποῖα
1372 2125 1589 2189 πάντως
1627 2125 1728 2195 τῆς
1767 2126 1916 2194 γενέ-

341 2230 477 2277 σεως
508 2215 653 2268 αἴτια
689 2214 797 2288 (78)
827 2216 1055 2284 γίνεται,
1074 2218 1201 2269 ποῖα
1232 2217 1288 2270 δέ
1313 2218 1374 2270 οὐ
1406 2218 1640 2281 πάντως,
1671 2218 1763 2271 καὶ
1789 2222 1916 2271 ποῖα

337 2307 553 2370 πάντως
585 2310 805 2380 ποιῆσαι
838 2308 1229 2381 ἐπιθυμοῦμεν,
1263 2309 1324 2363 οὐ
1372 2311 1587 2373 πάντως
1628 2310 1685 2363 δέ
1733 2309 1917 2363 ποιοῦ-

340 2416 469 2471 μενο
505 2401 585 2454 ὅτι
617 2403 712 2471 ἧδε
744 2405 777 2473 ἡ
809 2402 955 2472 αἰτίᾳ
987 2405 1120 2473 ἡμῖν
1165 2404 1278 2467 τοῖς
1331 2403 1627 2474 μυστήριον
1665 2404 1913 2475 μεμαθη-

336 2493 476 2556 κόσι,
509 2496 684 2564 σαφής
728 2497 872 2547 ἐστιν
897 2511 909 2521 ·
942 2494 1022 2547 ὅτι
1064 2493 1343 2567 ἐλεύθερον
1383 2494 1595 2565 ἔχοντες
1635 2494 1912 2567 λογισμὸν,

336 2585 502 2638 ἐνίοτε
535 2586 749 2657 ἐπέχειν
793 2586 1000 2659 ταύτην
1047 2586 1480 2659 βουλευσάμενοι,
1514 2590 1910 2660 νενικήκαμεν·

333 2680 381 2731 oi
414 2679 471 2732 δὲ
502 2679 815 2751 ἀστρολόγοι
846 2680 1003 2735 τοῦτο
1032 2680 1162 2735 αὐτὸ
1201 2681 1262 2734 τὸ
1304 2683 1618 2754 μυστήριον,
1648 2684 1777 2755 περὶ
1808 2683 1914 2738 πάρ

336 2788 435 2843 σης
463 2772 834 2843 προαιρέσεως
862 2774 1271 2844 ἀποφηνάμενοι
1301 2774 1358 2841 ἐξ
1376 2776 1568 2846 ἀρχῆς,
1590 2775 1912 2840 πταίσαντες
1966 2842 1967 2845 η

333 2865 457 2925 τοὺς
489 2864 866 2936 κλιμακτῆρας
898 2866 1213 2937 ἐπενόησαν,
1251 2869 1329 2931 είς
1372 2866 1675 2939 ἀδηλότητα
1723 2867 1910 2921 ποιού-

336 2970 485 3026 μενοι
529 2957 627 3027 τὴν
672 2959 1006 3029 προαίρεσιν,
1034 2959 1109 3023 ὼς
1156 2958 1281 3030 χθὲς
1324 2958 1702 3030 ἀπεδείξαμεν.
1734 2961 1805 3013 Σὺ
1852 2960 1909 3012 δὲ

331 3046 425 3099 τοῦ
458 3047 641 3100 λοιποῦ
675 3050 810 3120 πρὸς
840 3048 1011 3102 ταῦτα
1047 3050 1103 3103 εἴ
1133 3067 1185 3103 τι
1232 3050 1375 3120 ἔχεις
1399 3051 1592 3113 εἰπεῖν,
1624 3051 1770 3119 λέγε.
1798 3051 1910 3103 Καὶ

2034 548 2165 604 boni
2195 549 2426 621 contigit
2467 550 2521 603 in
2558 549 2653 605 illo
2694 558 2971 622 tempore;
3021 563 3239 628 tempus
3281 566 3461 615 autem
3510 561 3618 617 hoc

2033 638 2179 693 idem
2202 638 2370 693 dicito
2406 642 2434 696 :'
2452 646 2506 694 et
2548 641 2766 711 require
2792 658 2859 697 ex
2890 644 3091 713 quibus
3119 649 3368 717 partibus
3400 652 3617 721 genesis

2032 730 2138 786 hoc
2166 732 2267 786 tibi
2296 733 2540 787 evenerit
2570 733 2735 800 boni;
2769 742 2824 789 et
2854 745 3119 806 tempora,
3151 747 3210 793 ut
3236 741 3369 807 dixi,
3418 746 3611 801 eadem

2031 840 2154 894 quae
2181 824 2249 879 de
2277 826 2437 881 malis
2457 826 2918 897 interrogaveras,
2945 831 3220 885 custodito
3251 853 3262 888 :
3289 850 3524 906 cumque
3556 849 3614 893 tu

2032 913 2289 972 fefclleris
2336 918 2403 973 de
2455 919 2819 989 temporibus,
2856 920 2981 977 vide
3012 931 3214 991 quanta
3244 926 3339 981 tibi
3376 929 3617 987 inveniet

2031 1009 2332 1075 schemata,
2364 1025 2462 1080 per
2490 1027 2611 1081 quae
2639 1010 2894 1066 ostendat
2924 1015 3072 1082 quod
3103 1015 3200 1071 tibi
3244 1017 3299 1071 in
3342 1020 3450 1077 illis
3480 1024 3615 1093 ipsis

2032 1102 2371 1173 temporibus
2438 1104 2658 1159 evenire
2708 1105 2999 1159 debuerint
3046 1107 3236 1163 bona:
3275 1109 3615 1181 impossibile

2028 1197 2175 1253 enim
2221 1204 2307 1253 est
2353 1196 2637 1251 hominum
2680 1197 2923 1268 genesim
2968 1202 3358 1269 tractantibus,
3400 1220 3509 1259 non
3556 1208 3613 1263 in

2028 1289 2180 1345 omni
2218 1304 2382 1359 quam
2428 1289 2620 1344 dicunt
2652 1284 2871 1359 regione
2902 1290 3186 1346 stellarum
3217 1307 3434 1365 semper
3463 1297 3616 1352 inve-

2027 1386 2147 1440 nire
2176 1384 2443 1454 quasdam
2483 1382 2622 1438 bene
2648 1384 2859 1453 positas
2887 1385 3097 1448 stellas,
3125 1392 3179 1441 et
3204 1390 3467 1457 quasdam
3500 1406 3616 1444 nia-

2025 1477 2076 1533 le
2103 1496 2116 1532 :
2145 1478 2386 1532 circulus
2414 1476 2563 1531 enim
2594 1482 2679 1531 est
2707 1477 2992 1547 aequaliter
3018 1492 3086 1533 ex
3116 1479 3264 1533 omni
3313 1489 3465 1550 parte
3501 1484 3617 1536 col-

2025 1568 2198 1624 lectus
2227 1569 2526 1625 secundum
2560 1568 2872 1635 mathesim,
2906 1569 3156 1625 diversas
3186 1579 3239 1625 et
3263 1572 3445 1626 varias
3474 1575 3617 1627 acci-

2023 1662 2179 1731 piens
2208 1678 2428 1726 causas,
2455 1676 2522 1716 ex
2545 1662 2746 1732 quibus
2776 1663 3121 1718 occasionem
3146 1664 3366 1734 capiant
3390 1666 3612 1721 dicendi

2023 1755 2167 1825 quod
2196 1756 2407 1810 volunt.
2448 1753 2603 1809 Sicut
2633 1755 2779 1809 enim
2808 1754 2924 1811 ﬁeri
2950 1756 3089 1811 soiet
3118 1757 3211 1811 ubi
3238 1756 3451 1810 somnia
3473 1758 3613 1810 obli-

2023 1862 2131 1917 qua
2178 1846 2417 1901 viderint
2464 1845 2735 1911 homines,
2765 1853 2819 1901 et
2871 1846 3010 1901 nihil
3062 1847 3199 1903 certi
3256 1846 3607 1917 intelligunt;

2021 1954 2147 1994 cum
2196 1939 2396 2008 aliquis
2443 1940 2751 1995 occurrerit
2801 1938 2983 1994 exitus
3027 1954 3234 2005 rerum,
3265 1947 3399 1993 tunc
3443 1940 3512 1994 ad
3545 1955 3612 1995 ea

2022 2045 2141 2101 qua:
2175 2030 2475 2085 acciderint
2506 2037 2693 2100 aptant
2720 2031 2885 2084 etiam
2917 2032 3117 2086 somnii
3140 2032 3317 2085 visum
3347 2048 3361 2097 ;
3406 2032 3480 2085 ita
3523 2040 3612 2086 est

2019 2132 2073 2178 et
2099 2120 2363 2177 mathesis
2396 2140 2410 2177 :
2447 2129 2740 2193 antequam
2772 2122 2978 2192 aliquid
3009 2122 3121 2189 fiat,
3149 2123 3283 2178 certi
3314 2124 3452 2177 nihil
3475 2139 3609 2194 pro-

2019 2214 2342 2279 nuntiatur;
2378 2221 2571 2283 postea
2600 2229 2731 2270 vero
2767 2229 2933 2284 quam
2965 2214 3173 2285 aliquid
3200 2215 3484 2282 acciderit,
3526 2216 3607 2271 rei

2014 2304 2127 2374 jam
2156 2312 2322 2374 gestae
2343 2306 2610 2376 colligunt
2626 2322 2842 2363 causas.
2863 2306 3109 2377 Denique
3143 2308 3459 2379 frequenter
3478 2324 3609 2363 cum

2015 2396 2341 2459 erraverint,
2375 2404 2429 2452 et
2478 2397 2636 2452 aliter
2683 2414 2773 2453 res
2824 2399 3108 2467 acciderit,
3146 2402 3474 2471 semetipsos
3519 2402 3607 2457 ine

2016 2496 2264 2560 crepant,
2283 2488 2530 2545 dicentes
2557 2491 2684 2561 quia
2712 2490 2805 2545 illa
2835 2490 2938 2547 fuit
2963 2492 3119 2547 stella
3146 2508 3267 2562 quae
3296 2492 3602 2564 impedivit,

2015 2599 2137 2656 quae
2186 2585 2447 2649 occurrit,
2479 2592 2534 2640 et
2561 2601 2671 2641 non
2703 2587 2976 2654 vidimus;
3019 2587 3332 2658 ignorantes
3358 2589 3486 2658 quia
3515 2605 3605 2643 er-

2015 2693 2109 2732 ror
2135 2692 2327 2733 eorum
2363 2692 2475 2733 non
2507 2694 2576 2734 ex
2606 2679 2743 2733 artis
2777 2678 3171 2750 imprudentia,
3203 2679 3297 2734 sed
3340 2694 3406 2733 ex
3436 2681 3603 2735 totius

2012 2785 2194 2826 causa:
2213 2771 2652 2828 inconvenientia
2676 2775 2961 2830 descendit
2985 2794 2998 2830 :
3028 2775 3283 2847 ignorant
3308 2774 3452 2830 enim
3476 2790 3601 2845 quae

2014 2865 2143 2927 sint,
2171 2880 2291 2934 qua:
2320 2863 2500 2920 facere
2521 2866 2742 2935 quidem
2764 2868 3245 2939 concupiscamus,
3276 2882 3386 2921 non
3413 2877 3598 2923 tamen

2012 2955 2394 3027 indulgeamus
2438 2960 2922 3029 concupiscentiis.
2961 2958 3074 3015 Nos
3112 2968 3293 3013 autem
3339 2960 3434 3030 qui
3480 2975 3602 3031 my-

2013 3048 2168 3102 sterii
2194 3048 2361 3116 hujus
2391 3050 2685 3106 didicimus
2714 3049 3008 3114 rationem,
3032 3050 3238 3105 scimus
3262 3057 3316 3105 et
3348 3065 3596 3114 causam;

330 3139 534 3210 ὀμόσας
562 3141 670 3212 (79)
707 3142 1039 3214 ἁπεκρίνατο
1063 3182 1078 3206 ,
1116 3142 1278 3215 μηδὲν
1306 3142 1507 3197 τούτων
1554 3142 1910 3216 ἀληθέστερον

2022 3140 2142 3210 quia
2175 3140 2482 3196 libertatem
2513 3143 2778 3199 habentes
2807 3141 3040 3207 arbitrii,
3074 3142 3349 3197 interdum
3384 3157 3594 3197 concu-

332 3226 470 3285 εἶναι
497 3226 569 3286 ὧν
600 3229 777 3297 εἶπας.

2014 3233 2298 3303 piscentiis
2335 3236 2680 3300 obsistimus,
2730 3235 3008 3290 interdum
3040 3233 3288 3289 cedimus
3325 3252 3338 3291 :
3372 3242 3426 3289 et
3472 3234 3597 3290 ideo

333 3323 694 3379 humanorum
738 3334 1015 3397 gestorum
1057 3325 1298 3383 incertus
1328 3333 1413 3382 est
1447 3327 1660 3392 exitus;
1694 3326 1824 3397 quia
1854 3327 1911 3382 in
1932 3327 2185 3383 libertate
2213 3327 2413 3398 pendet
2442 3326 2674 3382 arbitrii.
2734 3325 2868 3380 Nam
2920 3326 3427 3398 concupiscentiam
3470 3328 3596 3397 qui-

332 3413 479 3479 dem,
501 3432 662 3485 quam
692 3425 949 3485 operatur
975 3418 1216 3488 maligna
1245 3419 1441 3481 virtus,
1462 3423 1642 3489 potest
1668 3416 1914 3473 indicare
1941 3417 2364 3475 mathematicus
2413 3439 2425 3474 :
2475 3418 2571 3474 sed
2622 3419 2670 3474 si
2718 3419 3178 3490 concupiscentiae
3230 3419 3395 3489 hujus
3436 3428 3595 3476 actus

330 3510 417 3564 vel
462 3512 642 3566 exitus
690 3512 899 3582 impleri
952 3514 1147 3582 possit,
1175 3528 1276 3567 nec
1317 3529 1418 3577 ne,
1452 3514 1579 3582 quia
1618 3514 1673 3567 in
1703 3512 1912 3567 arbitrii
1940 3513 2192 3570 libertate
2221 3522 2328 3578 est,
2370 3514 2500 3570 sciri
2530 3523 2657 3569 ante
2684 3514 2935 3570 eﬁ‘ectum
2968 3516 3047 3570 rei
3094 3529 3123 3571 a
3180 3515 3332 3570 nullo
3380 3522 3592 3587 potest:

330 3609 385 3657 et
429 3602 534 3656 hoc
581 3611 666 3657 est
710 3604 855 3673 quod
905 3604 1220 3675 ignorantes
1269 3606 1531 3677 astrologi
1576 3604 1909 3661 invenerunt
1978 3607 2106 3672 sibi,
2171 3616 2231 3661 ut
2282 3607 2628 3661 climacteras
2669 3606 2940 3673 dicerent,
2984 3607 3067 3662 rei
3114 3608 3328 3663 scilicet
3369 3608 3592 3664 incertae

328 3694 596 3764 perfugia,
623 3694 765 3749 sicut
788 3694 1048 3750 hesterno
1078 3697 1395 3768 plenissime
1427 3696 1788 3755 ostendimus.
1823 3697 1903 3753 Ad
1940 3698 2057 3754 haec
2107 3699 2155 3755 si
2204 3698 2335 3770 quid
2385 3698 2483 3753 tibi
2525 3697 2817 3756 dicendum
2853 3699 3095 3769 videtur,
3127 3700 3317 3757 dicito.
3379 3699 3446 3756 Et
3494 3717 3592 3772 pa-

329 3800 413 3847 ter
447 3810 460 3845 :
495 3791 638 3845 Nihil
667 3791 871 3857 verius,
904 3792 1100 3864 inquit,
1132 3794 1230 3861 ﬁli,
1262 3794 1366 3866 _his
1413 3808 1535 3867 qua:
1577 3800 1903 3865 prosecutus
1931 3810 2011 3851 es.

398 3967 510 4041 (78)
549 3970 736 4029 AIz'ta.
767 3970 852 4027 Al.
886 3971 1054 4027 αἰτία.

2077 3970 2191 4045 (79)
2228 3971 2337 4027 Kal
2366 3972 2538 4040 ὀμόσ.
2570 3948 2783 4029 mgni
2808 3969 2837 4022 ὁ
2864 3972 3069 4049 πατήρ.
